2513 3435
939 80 1034 137 DF.
1075 78 1307 137 PENNA.
1984 106 2089 160 115

136 218 334 263 novem
364 217 540 259 ramos
565 189 786 276 majores
805 197 1026 258 obtusos
1051 200 1377 276 dispescitur,
1417 201 1510 277 qui
1535 200 1736 260 rursum
1774 206 1831 261 in
1857 206 2085 270 minores

136 329 314 371 ramos
339 309 559 367 obtusos
580 309 794 365 abeunt.
845 308 1051 365 Omnes
1073 309 1293 384 cylindri
1322 309 1592 383 compreffi
1613 310 1835 384 figuram
1861 313 2082 389 habent,

135 420 221 476 fizx
259 420 420 475 lineas
449 418 536 473 lati
571 415 714 479 (unt,
754 415 811 471 δε
857 414 1158 471 rubicundo
1194 414 1375 471 colore
1420 417 1595 488 unffi,
1637 417 2079 480 intercedentibus

134 527 260 585 striis
296 525 439 582 albis.
514 522 815 580 Substantia
853 539 1127 578 ramorum
1163 522 1397 580 coriacea
1437 523 1535 595 est,
1577 541 1732 599 aeque
1763 542 1824 580 ac
1854 531 1983 584 cutis
2022 531 2078 587 in

133 635 301 708 prima
327 639 498 687 Pennae
521 629 719 702 specie,
765 629 906 685 intus
948 629 1099 686 variis
1135 629 1283 702 poris
1320 631 1528 701 pervia,
1572 630 1628 686 δε
1667 629 1898 690 humore
1945 634 2075 694 fizlso

132 740 379 815 gravida,
421 737 503 794 cui
527 735 731 810 globuli
753 735 1053 792 lutestentes
1074 737 1130 791 in
1152 753 1352 808 magno
1378 753 1604 793 numero
1625 739 1890 796 innatant.

386 843 679 900 Tentacula
694 842 921 915 plurima
942 865 981 897 c.
1015 858 1233 897 ornnem
1255 858 1529 898 ramorum
1564 841 1748 900 facicm
1786 862 2076 922 occupant,

131 964 294 1029 atque
319 951 387 1009 ad
412 949 667 1025 angulum
692 962 907 1005 acutum
931 947 978 1005 se
997 951 1051 1005 in
1075 967 1165 1006 eos
1191 948 1439 1005 insertum
1463 963 1605 1006 eunt.
1680 952 1989 1027 Cylindrica
2016 956 2074 1014 &

131 1071 250 1116 tota
275 1059 393 1116 alba
422 1058 572 1127 sunt,
616 1056 746 1113 duas
768 1056 929 1114 lineas
951 1054 1144 1129 longa,
1182 1055 1412 1113 mediam
1452 1056 1640 1114 liueam
1677 1059 1860 1132 craffa,
1904 1063 1959 1119 in
1992 1081 2073 1122 ex·

129 1167 391 1222 tremitate
415 1165 540 1222 οᾶο
563 1163 839 1222 filamentis
863 1163 1060 1219 carneis
1086 1181 1308 1239 quoque
1341 1162 1468 1220 albis
1507 1164 1764 1223 instruela.
1837 1169 1946 1224 Bafi
1981 1169 2070 1229 sua

130 1275 184 1330 in
211 1272 401 1331 cellulis
421 1273 590 1330 rubris
612 1291 640 1328 a
663 1284 783 1329 cute
806 1288 1080 1328 ramorum
1111 1268 1398 1328 efformatis
1431 1270 1489 1327 &
1522 1271 1648 1330 οξὶο
1681 1272 1909 1332 incisuris
1942 1293 2074 1350 prae.

129 1381 250 1439 ditis
274 1380 521 1452 insident,
563 1383 618 1438 in
640 1395 770 1454 quas
794 1394 897 1452 pro
924 1359 1096 1436 lubitu
1118 1379 1352 1438 animalis
1386 1377 1776 1448 reconduntur,
1817 1382 1897 1441 vel
1926 1401 1988 1442 ex
2013 1386 2072 1446 iis

131 1501 428 1547 exeruntur.

384 1594 723 1654 Abstonditis
749 1594 884 1653 intra
911 1592 1115 1654 cellulas
1140 1592 1446 1669 tentaculis‚
1488 1594 1722 1656 incisurae
1754 1597 1901 1658 labiis
1922 1602 2070 1661 luteis

132 1705 349 1762 donatae
369 1703 801 1761 stellaruminstar
826 1702 1070 1760 formatae
1106 1703 1406 1779 conspicuae
1438 1719 1744 1777 remanent,
1787 1721 1948 1792 atque
1987 1728 2073 1768 ea·

131 1811 256 1869 dem
279 1828 457 1868 earum
482 1810 837 1885 configuratio
864 1812 918 1867 in
944 1811 1200 1868 exficcato
1231 1813 1458 1887 Zoophyto
1493 1813 1718 1887 persistit.
1796 1815 1990 1890 Neque
2017 1818 2072 1875 in

131 1932 324 1976 trunco
343 1935 518 1993 neque
540 1920 597 1974 in
618 1918 773 1975 ramis
800 1920 905 1992 ejus
929 1936 989 1975 os
1015 1918 1179 1974 ullum
1200 1919 1467 1994 reperibile
1500 1920 1599 1992 est,
1638 1921 1786 1979 unde
1825 1940 1926 1998 pro
1961 1943 2074 1982 maa

125 2028 229 2101 jori
255 2026 436 2101 speciei
468 2024 744 2082 diserentia
771 2031 940 2081 Penna
971 2040 1096 2083 exos
1130 2026 1379 2101 appellari
1420 2027 1605 2100 pollet.
1676 2026 1911 2087 Varietas
1944 2047 2072 2090 vero

134 2151 286 2208 aeque
306 2134 360 2188 in
394 2132 496 2189 hac
529 2131 591 2188 a‘c
624 2133 682 2189 in
717 2110 890 2205 ¹ptima
929 2138 1102 2187 Pennae
1133 2132 1301 2206 specie
1338 2136 1587 2192 occurrit:
1629 2137 1876 2194 nimirum
1919 2136 2072 2211 quod

134 2241 230 2298 alia
251 2257 426 2296 ramos
450 2239 632 2296 colore
655 2238 851 2295 intenfie
870 2240 1035 2298 rubro
1057 2240 1247 2296 tinetos
1273 2240 1494 2312 habeat,
1533 2242 1737 2302 alterius
1773 2261 1901 2302 vero
1939 2246 2071 2302 rami

132 2367 197 2408 ex
217 2349 440 2405 rubente
461 2347 584 2403 lutei
610 2346 722 2402 [ἕως.
803 2345 980 2424 Qod
1013 2359 1189 2404 autem
1221 2361 1414 2405 notatu
1447 2349 1669 2425 dignum
1703 2352 1798 2409 est:
1842 2355 1973 2410 rami
2001 2371 2070 2411 ne

136 2458 194 2513 in
217 2455 431 2514 duobus
457 2455 674 2530 quidem
698 2453 980 2512 individuis
1004 2453 1195 2511 eodem
1218 2472 1444 2514 numero
1468 2473 1643 2534 neque
1665 2459 1720 2515 in
1751 2460 1942 2518 eodem
1976 2462 2070 2517 fitu

135 2561 560 2649 conspiciuntur,
601 2561 766 2619 sedin
790 2562 1040 2619 omnibus
1066 2562 1210 2619 aliter
1235 2562 1284 2619 se
1304 2564 1535 2637 habent,
1574 2581 1691 2624 non
1724 2563 1864 2624 secus
1898 2586 1959 2625 ac
1990 2586 2071 2627 raa

136 2670 212 2728 mi
235 2671 394 2741 ffidis,
435 2673 638 2739 corallii,
678 2671 974 2746 Madrqporae
996 2669 1333 2747 aliorumque
1356 2672 1594 2730 fimilium
1618 2675 1968 2751 Zoophytorum.

391 2776 535 2832 Data
557 2777 700 2834 brevi
726 2776 885 2834 hacce
905 2799 1076 2834 manus
1109 2778 1453 2855 quorundam
1482 2788 1676 2838 marinae
1707 2781 2073 2857 descriptione,

141 2883 199 2941 δί
223 2882 460 2959 apposita
484 2887 590 2960 ejus
608 2884 776 2960 figura
799 2902 962 2943 nemo
984 2887 1077 2944 erit
1087 2932 1104 2959 ,
1127 2882 1306 2963 spere,
1328 2891 1419 2965 qui
1443 2907 1559 2949 non
1581 2888 1850 2967 perspiciet
1864 2911 1881 2965 3
1919 2892 2072 2968 quod

1087 2989 1128 3049 Ρ
1163 3012 1199 3050 2
1924 3002 2007 3058 Cl.
