2513 3435
933 96 1027 156 Da
1076 95 1330 156 HYDRA.
2018 118 2090 180 83

148 237 327 282 recens
350 240 377 279 e
400 218 571 279 fundo
591 220 744 278 maris
767 219 1084 291 extrahitur,
1123 231 1284 294 atque
1304 215 1506 276 fortiter
1541 236 1705 279 manu
1728 224 2095 285 contredatur.

150 331 294 387 Nam
332 329 433 388 hac
472 328 744 386 occafione
775 345 969 402 aquam
1001 327 1240 384 haustam
1278 326 1346 384 ad
1381 326 1518 384 duos
1552 329 1710 386 etiam
1745 331 1909 402 pedes
1945 334 2097 408 ejicit,

148 453 456 511 corpusque
490 438 596 510 ejus
630 436 785 492 instar
820 434 946 509 ligni
980 432 1294 504 indurescit3
1332 451 1454 510 quae
1490 433 1904 509 indurescentia,
1942 457 2097 514 aquae

147 562 238 621 per
259 559 422 601 anum
450 543 722 617 ejaculatio
746 559 852 599 una
876 558 998 600 cum
1024 540 1313 616 cylindrica
1337 543 1575 615 corporis
1607 541 1778 601 forma
1800 545 1976 603 aniam
2001 564 2097 622 po.

148 651 394 708 tiffimum
419 649 607 709 dediffi:
653 650 926 720 videntur,
968 647 1122 724 quod
1157 647 1269 705 hoc
1304 650 1643 722 Zoophytomm
1675 667 1844 726 genus
1879 654 2096 713 Veteres

146 763 421 817 Mentulam
439 801 456 829 ‚
497 757 555 814 &
586 757 701 815 Itali
722 756 956 814 obsceno
981 754 1204 811 nomine
1229 776 1384 810 cazze
1409 758 1462 810 di
1488 777 1620 812 mare
1647 758 1986 833 appellarent.

400 863 578 940 Qod
604 875 781 921 autern
817 881 958 937 aqua
996 862 1199 918 marina
1233 861 1290 918 &
1324 879 1442 919 non
1477 863 1653 936 urina,
1693 877 1754 922 ut
1789 864 2006 940 suspicio
2038 866 2095 925 in

82 1007 88 1011 <
143 971 490 1048 quorundam
515 971 699 1027 animis
723 970 845 1026 oriri
871 967 1067 1045 poffet,
1110 969 1180 1026 ab
1202 972 1379 1041 &dra
1409 967 1512 1026 hac
1531 971 1738 1028 ratione
1764 984 2090 1045 excernatur‚

140 1078 411 1155 sequentia
433 1076 583 1149 sunt,
623 1095 744 1151 quae
769 1076 823 1133 id
851 1075 1230 1134 demonstrant.
1313 1075 1554 1134 Primum·
1582 1077 1726 1135 nulla
1762 1079 1953 1137 viscera
1988 1082 2091 1139 uri-

141 1188 289 1244 naria
312 1187 368 1242 in
391 1188 497 1259 ejus
520 1200 775 1259 corpore,
816 1196 875 1240 ut
898 1169 1037 1241 infra*
1070 1183 1307 1257 patebit,
1345 1196 1539 1241 extant.
1620 1184 1833 1242 Deinde
1876 1188 2089 1260 quanti-

143 1307 222 1351 tas
246 1293 484 1350 humoris
505 1293 696 1350 excreti
720 1302 871 1348 tanta
895 1290 995 1361 est,
1035 1303 1121 1361 ut,
1165 1290 1202 1348 fi
1227 1291 1382 1349 etiam
1409 1307 1558 1348 renes
1592 1303 1684 1348 aut
1719 1291 1879 1350 vefica
1915 1294 2089 1351 urina-

141 1402 215 1460 ria
241 1399 496 1472 adessem,
537 1399 678 1456 hanc
705 1397 1166 1473 comprehendere
1191 1414 1309 1456 non
1340 1398 1600 1469 valerent,
1642 1415 1818 1475 neque
1851 1412 1962 1458 tam
2009 1420 2088 1458 ce-

141 1507 310 1565 leriter
332 1508 537 1565 laticem
559 1506 817 1564 secernere
836 1504 1073 1579 pollent,
1112 1523 1174 1562 ac
1198 1504 1496 1582 frequenter
1519 1508 1558 1564 is
1587 1506 1897 1564 eliminatur.
1978 1508 2092 1566 De-

141 1617 306 1693 nique
325 1614 478 1691 sapor
506 1615 626 1673 dieii
651 1613 888 1673 humoris
910 1612 1121 1690 prorsus
1147 1613 1287 1672 idem
1313 1615 1411 1688 est,
1451 1633 1511 1674 ac
1535 1630 1689 1690 aquae
1712 1615 1941 1679 marinae.

1003 1762 1069 1852 §·
1145 1764 1228 1835 v.

149 1925 398 2090 Ordo
440 1929 514 1987 rei
545 1927 862 2004 postularet,
906 1941 966 1986 ut
1011 1928 1313 1988 ulteriorem
1357 1946 1581 2005 eamque
1613 1929 1876 1989 internam
1907 1934 2088 2008 Hydrae

332 2038 636 2096 structuram
671 2036 1038 2112 p1·oiequerer3
1074 2037 1148 2095 ast
1175 2041 1482 2115 priusquam
1516 2040 1668 2116 hujus
1699 2042 2090 2100 enarrationem

142 2147 429 2215 inchoem,
470 2160 587 2201 non
620 2142 902 2218 injundum
940 2143 1055 2202 fore
1083 2144 1266 2219 spero,
1306 2146 1341 2202 fi
1379 2146 1509 2204 illud
1549 2146 1960 2204 Phaenomenon
1994 2147 2087 2206 ad-

142 2254 373 2323 duxer0‚
416 2250 569 2326 quod
590 2249 887 2307 admodum
907 2251 1161 2326 fingulare
1184 2253 1242 2308 in
1266 2253 1453 2309 nostro
1480 2254 1707 2329 Zoophyto
1740 2254 2026 2314 observavi.

398 2359 548 2417 Dum
570 2360 739 2436 prima
762 2359 829 2416 ab
852 2359 1096 2417 adventu
1124 2377 1248 2418 meo
1281 2360 1395 2432 die,
1437 2379 1559 2437 quae
1599 2360 1739 2419 sexta
1775 2375 1885 2419 erat
1919 2363 2087 2435 Junii‚

143 2468 215 2527 ad
235 2467 375 2525 littus
397 2467 549 2524 maris
567 2482 739 2542 prope
765 2463 926 2541 ipsam
950 2467 1134 2525 urbem
1161 2467 1581 2527 deambularem:
1622 2474 1821 2543 primus
1845 2472 1940 2545 qui
1963 2490 2086 2530 ocu-

143 2575 224 2633 los
249 2570 380 2632 feriit
419 2576 651 2633 marinus
685 2574 891 2645 incola,
931 2588 1040 2633 erat
1070 2578 1257 2648 Hydra
1299 2578 1432 2633 inter
1470 2580 1641 2635 varios
1678 2577 1825 2635 fucos
1856 2580 2090 2638 marinos

143 2681 388 2740 nidulans
410 2698 729 2757 repensque,
772 2699 895 2757 quae
929 2701 958 2740 a
981 2683 1222 2758 procellis
1243 2680 1371 2742 hinc
1399 2684 1526 2741 inde
1551 2686 1607 2741 in
1640 2686 1752 2759 ipso
1789 2686 1967 2744 littore
1990 2687 2094 2762 agi-

144 2789 371 2846 tabatur.
453 2787 738 2865 Inopinata
776 2789 954 2846 haecce
997 2805 1162 2867 atque
1194 2809 1343 2850 nova
1377 2792 1607 2849 omnino
1641 2794 1822 2870 praeda
1857 2796 2092 2852 animum

147 2914 328 2955 meum
366 2896 503 2955 adeo
540 2894 858 2962 delectabat,
900 2912 961 2957 ut
993 2900 1126 2958 mihi
1167 2900 1421 2958 abstinere
1467 2916 1586 2959 non
1625 2904 1919 2977 potuerim,
1960 2903 2092 2976 quin

1088 3004 1134 3064 L
1179 3030 1214 3068 2
1899 3027 2019 3067 eum
