<?xml version="1.0" encoding="UTF-8"?>
<!DOCTYPE html PUBLIC "-//W3C//DTD XHTML 1.0 Transitional//EN"
    "http://www.w3.org/TR/xhtml1/DTD/xhtml1-transitional.dtd">
<html xmlns="http://www.w3.org/1999/xhtml" xml:lang="en" lang="en">
 <head>
  <title>
</title>
<meta http-equiv="Content-Type" content="text/html;charset=utf-8" />
  <meta name='ocr-system' content='tesseract 3.04.00' />
  <meta name='ocr-capabilities' content='ocr_page ocr_carea ocr_par ocr_line ocrx_word'/>
</head>
<body>
  <div class='ocr_page' id='page_1' title='image "./dequibusdamanima00boh_0036.png"; bbox 0 0 2513 3435; ppageno 0'>
   <div class='ocr_carea' id='block_1_1' title="bbox 373 112 1499 182">
    <p class='ocr_par' dir='ltr' id='par_1_1' title="bbox 373 112 1499 182">
     <span class='ocr_line' id='line_1_1' title="bbox 373 112 1499 182; baseline -0.001 -10"><span class='ocrx_word' id='word_1_1' title='bbox 373 141 444 182; x_wconf 64' lang='grc' dir='ltr'><em>η</em></span> <span class='ocrx_word' id='word_1_2' title='bbox 1166 112 1414 171; x_wconf 69' lang='grc' dir='ltr'><strong>,ΟΑΡΠΤ</strong></span> <span class='ocrx_word' id='word_1_3' title='bbox 1455 112 1499 171; x_wconf 85' lang='grc' dir='ltr'>Ῑ.</span> 
     </span>
    </p>
   </div>
   <div class='ocr_carea' id='block_1_2' title="bbox 103 223 2327 317">
    <p class='ocr_par' dir='ltr' id='par_1_2' title="bbox 103 223 2327 317">
     <span class='ocr_line' id='line_1_2' title="bbox 103 223 2327 317; baseline -0.003 -11"><span class='ocrx_word' id='word_1_4' title='bbox 103 255 248 307; x_wconf 57' lang='lat' dir='ltr'>Tan.</span> <span class='ocrx_word' id='word_1_5' title='bbox 272 251 352 305; x_wconf 90' lang='lat' dir='ltr'>IV.</span> <span class='ocrx_word' id='word_1_6' title='bbox 628 238 885 317; x_wconf 87' lang='lat' dir='ltr'>Pharynx</span> <span class='ocrx_word' id='word_1_7' title='bbox 908 256 938 296; x_wconf 92' lang='lat' dir='ltr'>a</span> <span class='ocrx_word' id='word_1_8' title='bbox 959 236 1104 295; x_wconf 89' lang='lat' dir='ltr'>labio</span> <span class='ocrx_word' id='word_1_9' title='bbox 1124 235 1229 294; x_wconf 88' lang='lat' dir='ltr'>oris</span> <span class='ocrx_word' id='word_1_10' title='bbox 1253 236 1485 312; x_wconf 86' lang='lat' dir='ltr'>separata</span> <span class='ocrx_word' id='word_1_11' title='bbox 1509 223 1568 293; x_wconf 64' lang='grc' dir='ltr'>δὲ</span> <span class='ocrx_word' id='word_1_12' title='bbox 1595 253 1624 294; x_wconf 89' lang='lat' dir='ltr'>e</span> <span class='ocrx_word' id='word_1_13' title='bbox 1654 251 1886 310; x_wconf 84' lang='lat' dir='ltr'>corpore</span> <span class='ocrx_word' id='word_1_14' title='bbox 1925 237 2167 313; x_wconf 83' lang='lat' dir='ltr'>exempta</span> <span class='ocrx_word' id='word_1_15' title='bbox 2182 285 2200 312; x_wconf 89' lang='lat'>,</span> <span class='ocrx_word' id='word_1_16' title='bbox 2241 257 2327 300; x_wconf 85' lang='lat' dir='ltr'>ca-</span> 
     </span>
    </p>
   </div>
   <div class='ocr_carea' id='block_1_3' title="bbox 104 328 324 394">
    <p class='ocr_par' dir='ltr' id='par_1_3' title="bbox 104 328 324 394">
     <span class='ocr_line' id='line_1_3' title="bbox 104 328 324 394; baseline -0.005 -19"><span class='ocrx_word' id='word_1_17' title='bbox 104 328 255 394; x_wconf 68' lang='lat' dir='ltr'>thura</span> <span class='ocrx_word' id='word_1_18' title='bbox 282 339 302 373; x_wconf 90' lang='lat'>1</span> <span class='ocrx_word' id='word_1_19' title='bbox 311 358 324 374; x_wconf 83' lang='grc'><strong>.</strong></span> 
     </span>
    </p>
   </div>
   <div class='ocr_carea' id='block_1_4' title="bbox 117 1334 340 1402">
    <p class='ocr_par' dir='ltr' id='par_1_4' title="bbox 117 1334 340 1402">
     <span class='ocr_line' id='line_1_4' title="bbox 117 1334 340 1402; baseline 0.004 -19"><span class='ocrx_word' id='word_1_20' title='bbox 117 1334 268 1402; x_wconf 69' lang='lat' dir='ltr'>Figura</span> <span class='ocrx_word' id='word_1_21' title='bbox 294 1346 340 1384; x_wconf 86' lang='lat'>2.</span> 
     </span>
    </p>
   </div>
   <div class='ocr_carea' id='block_1_5' title="bbox 376 344 2369 2694">
    <p class='ocr_par' dir='ltr' id='par_1_5' title="bbox 376 344 2338 1290">
     <span class='ocr_line' id='line_1_5' title="bbox 376 344 2329 434; baseline -0.002 -22"><span class='ocrx_word' id='word_1_22' title='bbox 376 365 476 434; x_wconf 86' lang='lat' dir='ltr'>put</span> <span class='ocrx_word' id='word_1_23' title='bbox 516 353 774 429; x_wconf 88' lang='lat' dir='ltr'>equinum</span> <span class='ocrx_word' id='word_1_24' title='bbox 807 349 982 406; x_wconf 89' lang='lat' dir='ltr'>forma</span> <span class='ocrx_word' id='word_1_25' title='bbox 1019 346 1108 404; x_wconf 88' lang='lat' dir='ltr'>sua</span> <span class='ocrx_word' id='word_1_26' title='bbox 1151 344 1514 423; x_wconf 87' lang='lat' dir='ltr'>quodamodo</span> <span class='ocrx_word' id='word_1_27' title='bbox 1554 345 1908 420; x_wconf 81' lang='lat' dir='ltr'>repraesentat.</span> <span class='ocrx_word' id='word_1_28' title='bbox 2006 345 2329 423; x_wconf 83' lang='lat' dir='ltr'>Longitudo</span> 
     </span>
     <span class='ocr_line' id='line_1_6' title="bbox 377 451 2330 538; baseline -0.002 -19"><span class='ocrx_word' id='word_1_29' title='bbox 377 468 484 538; x_wconf 83' lang='lat' dir='ltr'>ejus</span> <span class='ocrx_word' id='word_1_30' title='bbox 508 462 632 518; x_wconf 73' lang='grc' dir='ltr'>οᾶο</span> <span class='ocrx_word' id='word_1_31' title='bbox 660 459 821 516; x_wconf 77' lang='lat' dir='ltr'>lineas</span> <span class='ocrx_word' id='word_1_32' title='bbox 846 456 1097 532; x_wconf 81' lang='lat' dir='ltr'>adaequat</span> <span class='ocrx_word' id='word_1_33' title='bbox 1113 499 1130 525; x_wconf 85' lang='lat'>,</span> <span class='ocrx_word' id='word_1_34' title='bbox 1172 451 1402 511; x_wconf 88' lang='lat' dir='ltr'>latitudo</span> <span class='ocrx_word' id='word_1_35' title='bbox 1424 454 1668 531; x_wconf 83' lang='lat' dir='ltr'>proxime</span> <span class='ocrx_word' id='word_1_36' title='bbox 1694 454 1764 512; x_wconf 88' lang='lat' dir='ltr'>ad</span> <span class='ocrx_word' id='word_1_37' title='bbox 1797 454 2145 531; x_wconf 83' lang='lat' dir='ltr'>aesophagum</span> <span class='ocrx_word' id='word_1_38' title='bbox 2169 453 2330 515; x_wconf 85' lang='lat' dir='ltr'>lineas</span> 
     </span>
     <span class='ocr_line' id='line_1_7' title="bbox 378 560 2336 643; baseline -0.003 -16"><span class='ocrx_word' id='word_1_39' title='bbox 378 572 492 642; x_wconf 67' lang='lat' dir='ltr'>Rex,</span> <span class='ocrx_word' id='word_1_40' title='bbox 522 571 578 627; x_wconf 74' lang='grc' dir='ltr'>δε</span> <span class='ocrx_word' id='word_1_41' title='bbox 605 583 776 643; x_wconf 80' lang='lat' dir='ltr'>prope</span> <span class='ocrx_word' id='word_1_42' title='bbox 795 580 856 620; x_wconf 89' lang='lat' dir='ltr'>os</span> <span class='ocrx_word' id='word_1_43' title='bbox 882 575 1115 637; x_wconf 88' lang='lat' dir='ltr'>quatuor</span> <span class='ocrx_word' id='word_1_44' title='bbox 1142 560 1404 618; x_wconf 84' lang='lat' dir='ltr'>duntaxat</span> <span class='ocrx_word' id='word_1_45' title='bbox 1428 562 1586 619; x_wconf 86' lang='lat' dir='ltr'>lineas</span> <span class='ocrx_word' id='word_1_46' title='bbox 1613 563 1912 640; x_wconf 70' lang='lat' dir='ltr'>afl’equitur.</span> <span class='ocrx_word' id='word_1_47' title='bbox 1996 563 2059 622; x_wconf 92' lang='lat' dir='ltr'>In</span> <span class='ocrx_word' id='word_1_48' title='bbox 2083 564 2336 622; x_wconf 80' lang='lat' dir='ltr'>anteriori</span> 
     </span>
     <span class='ocr_line' id='line_1_8' title="bbox 378 670 2333 754; baseline -0.004 -17"><span class='ocrx_word' id='word_1_49' title='bbox 378 680 437 738; x_wconf 90' lang='lat'>&amp;</span> <span class='ocrx_word' id='word_1_50' title='bbox 459 674 749 754; x_wconf 78' lang='lat' dir='ltr'>angustiori</span> <span class='ocrx_word' id='word_1_51' title='bbox 772 670 1066 750; x_wconf 84' lang='lat' dir='ltr'>pharyngis</span> <span class='ocrx_word' id='word_1_52' title='bbox 1089 681 1239 746; x_wconf 87' lang='lat' dir='ltr'>parte</span> <span class='ocrx_word' id='word_1_53' title='bbox 1262 687 1325 725; x_wconf 88' lang='lat' dir='ltr'>os</span> <span class='ocrx_word' id='word_1_54' title='bbox 1357 688 1404 725; x_wconf 83' lang='lat' dir='ltr'>a.</span> <span class='ocrx_word' id='word_1_55' title='bbox 1440 673 1704 747; x_wconf 66' lang='lat' dir='ltr'>occurrit,</span> <span class='ocrx_word' id='word_1_56' title='bbox 1747 670 1902 747; x_wconf 89' lang='lat' dir='ltr'>quod</span> <span class='ocrx_word' id='word_1_57' title='bbox 1940 671 2034 730; x_wconf 88' lang='lat' dir='ltr'>sub</span> <span class='ocrx_word' id='word_1_58' title='bbox 2072 670 2217 728; x_wconf 86' lang='lat' dir='ltr'>labio</span> <span class='ocrx_word' id='word_1_59' title='bbox 2254 688 2333 729; x_wconf 90' lang='lat' dir='ltr'>re-</span> 
     </span>
     <span class='ocr_line' id='line_1_9' title="bbox 380 771 2336 859; baseline -0.005 -14"><span class='ocrx_word' id='word_1_60' title='bbox 380 785 668 845; x_wconf 88' lang='lat' dir='ltr'>conditum</span> <span class='ocrx_word' id='word_1_61' title='bbox 694 777 1176 859; x_wconf 80' lang='lat' dir='ltr'>perpendicularem</span> <span class='ocrx_word' id='word_1_62' title='bbox 1199 775 1431 852; x_wconf 60' lang='lat' dir='ltr'>respeeru</span> <span class='ocrx_word' id='word_1_63' title='bbox 1452 778 1689 853; x_wconf 85' lang='lat' dir='ltr'>corporis</span> <span class='ocrx_word' id='word_1_64' title='bbox 1711 777 1860 836; x_wconf 79' lang='lat' dir='ltr'>litum</span> <span class='ocrx_word' id='word_1_65' title='bbox 1889 771 2133 850; x_wconf 78' lang='lat' dir='ltr'>obtinet,</span> <span class='ocrx_word' id='word_1_66' title='bbox 2170 791 2336 854; x_wconf 88' lang='lat' dir='ltr'>atque</span> 
     </span>
     <span class='ocr_line' id='line_1_10' title="bbox 383 885 2336 969; baseline -0.004 -17"><span class='ocrx_word' id='word_1_67' title='bbox 383 906 631 969; x_wconf 82' lang='lat' dir='ltr'>apertura</span> <span class='ocrx_word' id='word_1_68' title='bbox 671 893 777 965; x_wconf 85' lang='lat' dir='ltr'>ejus</span> <span class='ocrx_word' id='word_1_69' title='bbox 814 886 1215 962; x_wconf 84' lang='lat' dir='ltr'>longitudinalis</span> <span class='ocrx_word' id='word_1_70' title='bbox 1253 885 1322 945; x_wconf 84' lang='lat' dir='ltr'>ad</span> <span class='ocrx_word' id='word_1_71' title='bbox 1356 900 1590 961; x_wconf 86' lang='lat' dir='ltr'>quatuor</span> <span class='ocrx_word' id='word_1_72' title='bbox 1626 885 1789 949; x_wconf 84' lang='lat' dir='ltr'>lineas</span> <span class='ocrx_word' id='word_1_73' title='bbox 1833 886 2132 945; x_wconf 85' lang='lat' dir='ltr'>extenditur</span> <span class='ocrx_word' id='word_1_74' title='bbox 2154 931 2171 958; x_wconf 82' lang='grc'>,</span> <span class='ocrx_word' id='word_1_75' title='bbox 2222 885 2336 945; x_wconf 85' lang='lat' dir='ltr'>leve</span> 
     </span>
     <span class='ocr_line' id='line_1_11' title="bbox 383 993 2338 1073; baseline -0.004 -13"><span class='ocrx_word' id='word_1_76' title='bbox 383 1000 722 1073; x_wconf 88' lang='lat' dir='ltr'>nitidumque</span> <span class='ocrx_word' id='word_1_77' title='bbox 749 997 844 1068; x_wconf 81' lang='lat' dir='ltr'>est,</span> <span class='ocrx_word' id='word_1_78' title='bbox 887 996 1042 1053; x_wconf 74' lang='lat' dir='ltr'>nullis</span> <span class='ocrx_word' id='word_1_79' title='bbox 1066 995 1315 1052; x_wconf 81' lang='lat' dir='ltr'>dentibus</span> <span class='ocrx_word' id='word_1_80' title='bbox 1356 994 1670 1072; x_wconf 76' lang='lat' dir='ltr'>praeditum,</span> <span class='ocrx_word' id='word_1_81' title='bbox 1713 993 2027 1052; x_wconf 84' lang='lat' dir='ltr'>extrinsecus</span> <span class='ocrx_word' id='word_1_82' title='bbox 2063 1010 2182 1052; x_wconf 89' lang='lat' dir='ltr'>non</span> <span class='ocrx_word' id='word_1_83' title='bbox 2213 1011 2338 1068; x_wconf 88' lang='lat' dir='ltr'>apa·</span> 
     </span>
     <span class='ocr_line' id='line_1_12' title="bbox 385 1101 2338 1181; baseline -0.003 -15"><span class='ocrx_word' id='word_1_84' title='bbox 385 1126 531 1180; x_wconf 80' lang='lat' dir='ltr'>rens,</span> <span class='ocrx_word' id='word_1_85' title='bbox 572 1105 658 1164; x_wconf 89' lang='lat' dir='ltr'>sed</span> <span class='ocrx_word' id='word_1_86' title='bbox 690 1105 832 1164; x_wconf 84' lang='lat' dir='ltr'>labio</span> <span class='ocrx_word' id='word_1_87' title='bbox 857 1103 1069 1163; x_wconf 64' lang='lat' dir='ltr'>tecium</span> <span class='ocrx_word' id='word_1_88' title='bbox 1151 1101 1304 1159; x_wconf 91' lang='lat' dir='ltr'>Dum</span> <span class='ocrx_word' id='word_1_89' title='bbox 1328 1101 1399 1161; x_wconf 83' lang='lat' dir='ltr'>ad</span> <span class='ocrx_word' id='word_1_90' title='bbox 1423 1101 1592 1162; x_wconf 88' lang='lat' dir='ltr'>escam</span> <span class='ocrx_word' id='word_1_91' title='bbox 1622 1103 1934 1180; x_wconf 77' lang='lat' dir='ltr'>capiendam</span> <span class='ocrx_word' id='word_1_92' title='bbox 1958 1103 2218 1181; x_wconf 80' lang='lat' dir='ltr'>aperitur,</span> <span class='ocrx_word' id='word_1_93' title='bbox 2242 1119 2338 1181; x_wconf 75' lang='lat' dir='ltr'>pa·</span> 
     </span>
     <span class='ocr_line' id='line_1_13' title="bbox 386 1209 2181 1290; baseline -0.004 -17"><span class='ocrx_word' id='word_1_94' title='bbox 386 1217 535 1275; x_wconf 84' lang='lat' dir='ltr'>rietes</span> <span class='ocrx_word' id='word_1_95' title='bbox 559 1217 666 1290; x_wconf 80' lang='lat' dir='ltr'>ejus</span> <span class='ocrx_word' id='word_1_96' title='bbox 690 1213 759 1271; x_wconf 84' lang='lat' dir='ltr'>ad</span> <span class='ocrx_word' id='word_1_97' title='bbox 780 1214 940 1269; x_wconf 88' lang='lat' dir='ltr'>latera</span> <span class='ocrx_word' id='word_1_98' title='bbox 959 1209 1314 1268; x_wconf 84' lang='lat' dir='ltr'>mediantibus</span> <span class='ocrx_word' id='word_1_99' title='bbox 1335 1209 1576 1271; x_wconf 81' lang='lat' dir='ltr'>musculis</span> <span class='ocrx_word' id='word_1_100' title='bbox 1590 1210 1812 1270; x_wconf 77' lang='lat' dir='ltr'>carnosis</span> <span class='ocrx_word' id='word_1_101' title='bbox 1837 1211 2181 1273; x_wconf 77' lang='lat' dir='ltr'>diducuntur,</span> 
     </span>
    </p>

    <p class='ocr_par' dir='ltr' id='par_1_6' title="bbox 380 1317 2369 2694">
     <span class='ocr_line' id='line_1_14' title="bbox 641 1317 2362 1397; baseline 0 -19"><span class='ocrx_word' id='word_1_102' title='bbox 641 1323 706 1378; x_wconf 91' lang='lat' dir='ltr'>In</span> <span class='ocrx_word' id='word_1_103' title='bbox 730 1321 834 1378; x_wconf 76' lang='lat' dir='ltr'>basi</span> <span class='ocrx_word' id='word_1_104' title='bbox 856 1320 1147 1397; x_wconf 82' lang='lat' dir='ltr'>pharyngis</span> <span class='ocrx_word' id='word_1_105' title='bbox 1173 1317 1490 1392; x_wconf 79' lang='lat' dir='ltr'>aesophagus</span> <span class='ocrx_word' id='word_1_106' title='bbox 1512 1337 1560 1372; x_wconf 78' lang='lat' dir='ltr'>a.</span> <span class='ocrx_word' id='word_1_107' title='bbox 1592 1320 1839 1377; x_wconf 81' lang='lat' dir='ltr'>exoritur.</span> <span class='ocrx_word' id='word_1_108' title='bbox 1922 1319 2101 1378; x_wconf 84' lang='lat' dir='ltr'>Facies</span> <span class='ocrx_word' id='word_1_109' title='bbox 2127 1321 2182 1376; x_wconf 90' lang='lat' dir='ltr'>in</span> <span class='ocrx_word' id='word_1_110' title='bbox 2203 1319 2362 1394; x_wconf 50' lang='lat' dir='ltr'>phas·</span> 
     </span>
     <span class='ocr_line' id='line_1_15' title="bbox 380 1425 2341 1508; baseline -0.003 -20"><span class='ocrx_word' id='word_1_111' title='bbox 380 1448 557 1508; x_wconf 75' lang='lat' dir='ltr'>rynge</span> <span class='ocrx_word' id='word_1_112' title='bbox 584 1430 780 1506; x_wconf 82' lang='lat' dir='ltr'>duplex</span> <span class='ocrx_word' id='word_1_113' title='bbox 808 1425 1186 1486; x_wconf 83' lang='lat' dir='ltr'>consideranda</span> <span class='ocrx_word' id='word_1_114' title='bbox 1215 1427 1389 1499; x_wconf 66' lang='lat' dir='ltr'>venit³</span> <span class='ocrx_word' id='word_1_115' title='bbox 1431 1437 1643 1483; x_wconf 88' lang='lat' dir='ltr'>externa</span> <span class='ocrx_word' id='word_1_116' title='bbox 1666 1438 1828 1500; x_wconf 85' lang='lat' dir='ltr'>atque</span> <span class='ocrx_word' id='word_1_117' title='bbox 1853 1428 2076 1485; x_wconf 85' lang='lat' dir='ltr'>interna.</span> <span class='ocrx_word' id='word_1_118' title='bbox 2156 1426 2341 1484; x_wconf 81' lang='lat' dir='ltr'>Exter-</span> 
     </span>
     <span class='ocr_line' id='line_1_16' title="bbox 390 1520 2340 1599; baseline -0.005 0"><span class='ocrx_word' id='word_1_119' title='bbox 390 1557 462 1599; x_wconf 85' lang='lat' dir='ltr'>na</span> <span class='ocrx_word' id='word_1_120' title='bbox 490 1520 637 1597; x_wconf 71' lang='lat' dir='ltr'>vario</span> <span class='ocrx_word' id='word_1_121' title='bbox 659 1538 907 1596; x_wconf 82' lang='lat' dir='ltr'>fibrarum</span> <span class='ocrx_word' id='word_1_122' title='bbox 929 1534 1298 1593; x_wconf 89' lang='lat' dir='ltr'>muscularium</span> <span class='ocrx_word' id='word_1_123' title='bbox 1322 1535 1601 1592; x_wconf 85' lang='lat' dir='ltr'>rubrarum</span> <span class='ocrx_word' id='word_1_124' title='bbox 1626 1534 1792 1592; x_wconf 69' lang='lat' dir='ltr'>traclu</span> <span class='ocrx_word' id='word_1_125' title='bbox 1818 1536 2023 1591; x_wconf 84' lang='lat' dir='ltr'>munita</span> <span class='ocrx_word' id='word_1_126' title='bbox 2049 1537 2134 1593; x_wconf 88' lang='lat' dir='ltr'>est.</span> <span class='ocrx_word' id='word_1_127' title='bbox 2192 1535 2340 1592; x_wconf 85' lang='lat' dir='ltr'>Dico</span> 
     </span>
     <span class='ocr_line' id='line_1_17' title="bbox 390 1642 2345 1720; baseline -0.006 -15"><span class='ocrx_word' id='word_1_128' title='bbox 390 1647 643 1705; x_wconf 85' lang='lat' dir='ltr'>fibrarum</span> <span class='ocrx_word' id='word_1_129' title='bbox 668 1645 1035 1703; x_wconf 76' lang='lat' dir='ltr'>muscularium</span> <span class='ocrx_word' id='word_1_130' title='bbox 1060 1643 1365 1714; x_wconf 58' lang='lat' dir='ltr'>subiratum,</span> <span class='ocrx_word' id='word_1_131' title='bbox 1407 1662 1477 1699; x_wconf 88' lang='lat' dir='ltr'>ne</span> <span class='ocrx_word' id='word_1_132' title='bbox 1501 1644 1619 1720; x_wconf 84' lang='lat' dir='ltr'>quis</span> <span class='ocrx_word' id='word_1_133' title='bbox 1643 1643 1698 1698; x_wconf 88' lang='lat' dir='ltr'>in</span> <span class='ocrx_word' id='word_1_134' title='bbox 1729 1660 1845 1700; x_wconf 87' lang='lat' dir='ltr'>eam</span> <span class='ocrx_word' id='word_1_135' title='bbox 1871 1644 2184 1718; x_wconf 84' lang='lat' dir='ltr'>opinionem</span> <span class='ocrx_word' id='word_1_136' title='bbox 2221 1642 2345 1699; x_wconf 79' lang='lat' dir='ltr'>inci.</span> 
     </span>
     <span class='ocr_line' id='line_1_18' title="bbox 392 1747 2346 1828; baseline -0.004 -15"><span class='ocrx_word' id='word_1_137' title='bbox 392 1754 516 1825; x_wconf 87' lang='lat' dir='ltr'>dat,</span> <span class='ocrx_word' id='word_1_138' title='bbox 557 1755 709 1828; x_wconf 86' lang='lat' dir='ltr'>quod</span> <span class='ocrx_word' id='word_1_139' title='bbox 738 1753 884 1810; x_wconf 80' lang='lat' dir='ltr'>fibrae</span> <span class='ocrx_word' id='word_1_140' title='bbox 910 1751 1223 1814; x_wconf 83' lang='lat' dir='ltr'>musculares</span> <span class='ocrx_word' id='word_1_141' title='bbox 1247 1752 1302 1808; x_wconf 88' lang='lat' dir='ltr'>in</span> <span class='ocrx_word' id='word_1_142' title='bbox 1335 1752 1520 1810; x_wconf 86' lang='lat' dir='ltr'>nostro</span> <span class='ocrx_word' id='word_1_143' title='bbox 1548 1750 1759 1808; x_wconf 85' lang='lat' dir='ltr'>animali</span> <span class='ocrx_word' id='word_1_144' title='bbox 1797 1750 1931 1809; x_wconf 84' lang='lat' dir='ltr'>albae</span> <span class='ocrx_word' id='word_1_145' title='bbox 1960 1749 2085 1821; x_wconf 74' lang='lat' dir='ltr'>lint,</span> <span class='ocrx_word' id='word_1_146' title='bbox 2128 1767 2248 1806; x_wconf 84' lang='lat' dir='ltr'>non</span> <span class='ocrx_word' id='word_1_147' title='bbox 2273 1747 2346 1806; x_wconf 83' lang='lat' dir='ltr'>se·</span> 
     </span>
     <span class='ocr_line' id='line_1_19' title="bbox 392 1858 2347 1937; baseline -0.004 -17"><span class='ocrx_word' id='word_1_148' title='bbox 392 1881 482 1920; x_wconf 80' lang='lat' dir='ltr'>cus</span> <span class='ocrx_word' id='word_1_149' title='bbox 507 1882 568 1922; x_wconf 85' lang='lat' dir='ltr'>ac</span> <span class='ocrx_word' id='word_1_150' title='bbox 591 1865 647 1919; x_wconf 83' lang='lat' dir='ltr'>in</span> <span class='ocrx_word' id='word_1_151' title='bbox 667 1863 899 1937; x_wconf 82' lang='lat' dir='ltr'>plurimis</span> <span class='ocrx_word' id='word_1_152' title='bbox 928 1862 1035 1918; x_wconf 88' lang='lat' dir='ltr'>aliis</span> <span class='ocrx_word' id='word_1_153' title='bbox 1060 1861 1289 1934; x_wconf 84' lang='lat' dir='ltr'>ejusdem</span> <span class='ocrx_word' id='word_1_154' title='bbox 1313 1873 1517 1916; x_wconf 80' lang='lat' dir='ltr'>naturae</span> <span class='ocrx_word' id='word_1_155' title='bbox 1539 1858 1855 1915; x_wconf 86' lang='lat' dir='ltr'>animalibus</span> <span class='ocrx_word' id='word_1_156' title='bbox 1890 1876 1990 1914; x_wconf 89' lang='lat' dir='ltr'>nec</span> <span class='ocrx_word' id='word_1_157' title='bbox 2022 1874 2140 1914; x_wconf 87' lang='lat' dir='ltr'>non</span> <span class='ocrx_word' id='word_1_158' title='bbox 2177 1862 2233 1916; x_wconf 90' lang='lat' dir='ltr'>in</span> <span class='ocrx_word' id='word_1_159' title='bbox 2273 1858 2347 1914; x_wconf 84' lang='lat' dir='ltr'>in-</span> 
     </span>
     <span class='ocr_line' id='line_1_20' title="bbox 392 1963 2350 2043; baseline -0.005 -16"><span class='ocrx_word' id='word_1_160' title='bbox 392 1969 534 2028; x_wconf 62' lang='lat' dir='ltr'>sectis</span> <span class='ocrx_word' id='word_1_161' title='bbox 561 1971 921 2029; x_wconf 84' lang='lat' dir='ltr'>observantur.</span> <span class='ocrx_word' id='word_1_162' title='bbox 999 1968 1177 2026; x_wconf 87' lang='lat' dir='ltr'>Habet</span> <span class='ocrx_word' id='word_1_163' title='bbox 1209 1966 1428 2043; x_wconf 88' lang='lat' dir='ltr'>quidem</span> <span class='ocrx_word' id='word_1_164' title='bbox 1452 1966 1509 2022; x_wconf 74' lang='grc' dir='ltr'>δε</span> <span class='ocrx_word' id='word_1_165' title='bbox 1541 1970 1715 2022; x_wconf 77' lang='lat' dir='ltr'>lernaea</span> <span class='ocrx_word' id='word_1_166' title='bbox 1752 1965 1908 2024; x_wconf 85' lang='lat' dir='ltr'>fibras</span> <span class='ocrx_word' id='word_1_167' title='bbox 1937 1964 2249 2023; x_wconf 70' lang='lat' dir='ltr'>mustulares</span> <span class='ocrx_word' id='word_1_168' title='bbox 2281 1963 2350 2021; x_wconf 66' lang='lat' dir='ltr'>al,</span> 
     </span>
     <span class='ocr_line' id='line_1_21' title="bbox 393 2059 2369 2153; baseline -0.002 -18"><span class='ocrx_word' id='word_1_169' title='bbox 393 2078 490 2135; x_wconf 88' lang='lat' dir='ltr'>bas</span> <span class='ocrx_word' id='word_1_170' title='bbox 515 2079 952 2153; x_wconf 71' lang='lat' dir='ltr'>quamplurimae,</span> <span class='ocrx_word' id='word_1_171' title='bbox 993 2077 1080 2134; x_wconf 89' lang='lat' dir='ltr'>sed</span> <span class='ocrx_word' id='word_1_172' title='bbox 1102 2091 1291 2153; x_wconf 79' lang='lat' dir='ltr'>praeter</span> <span class='ocrx_word' id='word_1_173' title='bbox 1317 2079 1441 2148; x_wconf 82' lang='lat' dir='ltr'>has,</span> <span class='ocrx_word' id='word_1_174' title='bbox 1484 2076 1638 2152; x_wconf 88' lang='lat' dir='ltr'>quod</span> <span class='ocrx_word' id='word_1_175' title='bbox 1677 2074 1798 2131; x_wconf 65' lang='lat' dir='ltr'>sane</span> <span class='ocrx_word' id='word_1_176' title='bbox 1831 2075 2058 2132; x_wconf 78' lang='lat' dir='ltr'>maxime</span> <span class='ocrx_word' id='word_1_177' title='bbox 2093 2059 2369 2147; x_wconf 75' lang='lat' dir='ltr'>fingulare&#39;</span> 
     </span>
     <span class='ocr_line' id='line_1_22' title="bbox 397 2180 2348 2260; baseline -0.004 -18"><span class='ocrx_word' id='word_1_178' title='bbox 397 2188 497 2257; x_wconf 83' lang='lat' dir='ltr'>est,</span> <span class='ocrx_word' id='word_1_179' title='bbox 538 2187 693 2242; x_wconf 87' lang='lat' dir='ltr'>etiam</span> <span class='ocrx_word' id='word_1_180' title='bbox 718 2186 858 2242; x_wconf 85' lang='lat' dir='ltr'>fibris</span> <span class='ocrx_word' id='word_1_181' title='bbox 880 2186 1077 2255; x_wconf 60' lang='lat' dir='ltr'>rubria,</span> <span class='ocrx_word' id='word_1_182' title='bbox 1119 2187 1283 2260; x_wconf 82' lang='lat' dir='ltr'>iisque</span> <span class='ocrx_word' id='word_1_183' title='bbox 1306 2185 1568 2242; x_wconf 87' lang='lat' dir='ltr'>duntaxat</span> <span class='ocrx_word' id='word_1_184' title='bbox 1605 2184 1661 2239; x_wconf 90' lang='lat' dir='ltr'>in</span> <span class='ocrx_word' id='word_1_185' title='bbox 1698 2183 2010 2258; x_wconf 83' lang='lat' dir='ltr'>pharynge‚</span> <span class='ocrx_word' id='word_1_186' title='bbox 2053 2180 2348 2239; x_wconf 84' lang='lat' dir='ltr'>ventriculo</span> 
     </span>
     <span class='ocr_line' id='line_1_23' title="bbox 397 2272 2344 2371; baseline -0.004 -20"><span class='ocrx_word' id='word_1_187' title='bbox 397 2294 633 2351; x_wconf 87' lang='lat' dir='ltr'>secundo</span> <span class='ocrx_word' id='word_1_188' title='bbox 670 2293 726 2349; x_wconf 85' lang='lat'>&amp;</span> <span class='ocrx_word' id='word_1_189' title='bbox 764 2294 997 2368; x_wconf 85' lang='lat' dir='ltr'>quadam</span> <span class='ocrx_word' id='word_1_190' title='bbox 1033 2298 1235 2367; x_wconf 60' lang='lat' dir='ltr'>vaginae</span> <span class='ocrx_word' id='word_1_191' title='bbox 1270 2294 1522 2369; x_wconf 88' lang='lat' dir='ltr'>portione</span> <span class='ocrx_word' id='word_1_192' title='bbox 1556 2291 1768 2371; x_wconf 82' lang='lat' dir='ltr'>gaudet.</span> <span class='ocrx_word' id='word_1_193' title='bbox 1853 2292 1940 2346; x_wconf 83' lang='lat' dir='ltr'>An</span> <span class='ocrx_word' id='word_1_194' title='bbox 1977 2290 2130 2362; x_wconf 82' lang='lat' dir='ltr'>igitur</span> <span class='ocrx_word' id='word_1_195' title='bbox 2161 2272 2344 2345; x_wconf 24' lang='lat' dir='ltr'>‘omnis</span> 
     </span>
     <span class='ocr_line' id='line_1_24' title="bbox 398 2394 2342 2473; baseline -0.005 -14"><span class='ocrx_word' id='word_1_196' title='bbox 398 2401 619 2459; x_wconf 78' lang='lat' dir='ltr'>musculi</span> <span class='ocrx_word' id='word_1_197' title='bbox 646 2402 812 2457; x_wconf 83' lang='lat' dir='ltr'>rubor</span> <span class='ocrx_word' id='word_1_198' title='bbox 835 2420 865 2456; x_wconf 85' lang='lat' dir='ltr'>a</span> <span class='ocrx_word' id='word_1_199' title='bbox 891 2400 1177 2473; x_wconf 67' lang='lat' dir='ltr'>sanguine?</span> <span class='ocrx_word' id='word_1_200' title='bbox 1206 2404 1282 2457; x_wconf 72' lang='lat'>(⁴)</span> <span class='ocrx_word' id='word_1_201' title='bbox 1325 2418 1433 2456; x_wconf 85' lang='lat' dir='ltr'>rem</span> <span class='ocrx_word' id='word_1_202' title='bbox 1459 2402 1528 2456; x_wconf 90' lang='lat' dir='ltr'>ita</span> <span class='ocrx_word' id='word_1_203' title='bbox 1556 2399 1604 2455; x_wconf 78' lang='lat' dir='ltr'>se</span> <span class='ocrx_word' id='word_1_204' title='bbox 1625 2398 1848 2468; x_wconf 80' lang='lat' dir='ltr'>habere,</span> <span class='ocrx_word' id='word_1_205' title='bbox 1889 2415 2007 2454; x_wconf 85' lang='lat' dir='ltr'>non</span> <span class='ocrx_word' id='word_1_206' title='bbox 2043 2396 2208 2455; x_wconf 83' lang='lat' dir='ltr'>levem</span> <span class='ocrx_word' id='word_1_207' title='bbox 2245 2394 2342 2451; x_wconf 71' lang='lat' dir='ltr'>du-</span> 
     </span>
     <span class='ocr_line' id='line_1_25' title="bbox 398 2500 2346 2580; baseline -0.004 -13"><span class='ocrx_word' id='word_1_208' title='bbox 398 2508 603 2568; x_wconf 85' lang='lat' dir='ltr'>bitandi</span> <span class='ocrx_word' id='word_1_209' title='bbox 627 2511 803 2565; x_wconf 72' lang='lat' dir='ltr'>ansam</span> <span class='ocrx_word' id='word_1_210' title='bbox 827 2507 984 2564; x_wconf 81' lang='lat' dir='ltr'>offert</span> <span class='ocrx_word' id='word_1_211' title='bbox 1004 2510 1242 2566; x_wconf 85' lang='lat' dir='ltr'>nostrum</span> <span class='ocrx_word' id='word_1_212' title='bbox 1264 2508 1372 2563; x_wconf 88' lang='lat' dir='ltr'>hoc</span> <span class='ocrx_word' id='word_1_213' title='bbox 1398 2506 1624 2570; x_wconf 87' lang='lat' dir='ltr'>animal,</span> <span class='ocrx_word' id='word_1_214' title='bbox 1662 2509 1808 2580; x_wconf 83' lang='lat' dir='ltr'>cujus</span> <span class='ocrx_word' id='word_1_215' title='bbox 1833 2504 2071 2580; x_wconf 72' lang='lat' dir='ltr'>sang11i8‚</span> <span class='ocrx_word' id='word_1_216' title='bbox 2112 2504 2172 2559; x_wconf 82' lang='lat' dir='ltr'>ut</span> <span class='ocrx_word' id='word_1_217' title='bbox 2211 2500 2346 2559; x_wconf 71' lang='lat' dir='ltr'>insta</span> 
     </span>
     <span class='ocr_line' id='line_1_26' title="bbox 399 2612 2348 2694; baseline -0.004 -21"><span class='ocrx_word' id='word_1_218' title='bbox 399 2618 627 2694; x_wconf 87' lang='lat' dir='ltr'>patebit,</span> <span class='ocrx_word' id='word_1_219' title='bbox 666 2617 815 2674; x_wconf 74' lang='lat' dir='ltr'>albus</span> <span class='ocrx_word' id='word_1_220' title='bbox 853 2618 948 2680; x_wconf 84' lang='lat' dir='ltr'>est,</span> <span class='ocrx_word' id='word_1_221' title='bbox 989 2615 1046 2673; x_wconf 88' lang='lat'>&amp;</span> <span class='ocrx_word' id='word_1_222' title='bbox 1089 2617 1240 2691; x_wconf 88' lang='lat' dir='ltr'>pauci</span> <span class='ocrx_word' id='word_1_223' title='bbox 1279 2616 1540 2674; x_wconf 86' lang='lat' dir='ltr'>duntaxat</span> <span class='ocrx_word' id='word_1_224' title='bbox 1579 2612 1796 2674; x_wconf 77' lang='lat' dir='ltr'>musculi</span> <span class='ocrx_word' id='word_1_225' title='bbox 1833 2614 2097 2690; x_wconf 83' lang='lat' dir='ltr'>eleganter</span> <span class='ocrx_word' id='word_1_226' title='bbox 2133 2612 2348 2681; x_wconf 87' lang='lat' dir='ltr'>rubent,</span> 
     </span>
    </p>
   </div>
   <div class='ocr_carea' id='block_1_6' title="bbox 350 2724 1343 2804">
    <p class='ocr_par' dir='ltr' id='par_1_7' title="bbox 350 2724 1343 2804">
     <span class='ocr_line' id='line_1_27' title="bbox 350 2724 1343 2804; baseline -0.001 -20"><span class='ocrx_word' id='word_1_227' title='bbox 350 2796 353 2798; x_wconf 11' lang='lat' dir='ltr'>v</span> <span class='ocrx_word' id='word_1_228' title='bbox 399 2726 583 2804; x_wconf 73' lang='lat' dir='ltr'>reliqui</span> <span class='ocrx_word' id='word_1_229' title='bbox 605 2743 733 2785; x_wconf 83' lang='lat' dir='ltr'>vero</span> <span class='ocrx_word' id='word_1_230' title='bbox 755 2744 818 2786; x_wconf 84' lang='lat' dir='ltr'>ex</span> <span class='ocrx_word' id='word_1_231' title='bbox 848 2726 1054 2801; x_wconf 85' lang='lat' dir='ltr'>integro</span> <span class='ocrx_word' id='word_1_232' title='bbox 1079 2724 1181 2784; x_wconf 88' lang='lat' dir='ltr'>albi</span> <span class='ocrx_word' id='word_1_233' title='bbox 1208 2724 1343 2783; x_wconf 71' lang='lat' dir='ltr'>sunt,</span> 
     </span>
    </p>
   </div>
   <div class='ocr_carea' id='block_1_7' title="bbox 2140 2809 2285 2903">
    <p class='ocr_par' dir='ltr' id='par_1_8' title="bbox 2140 2809 2285 2903">
     <span class='ocr_line' id='line_1_28' title="bbox 2140 2809 2285 2903; baseline -0.007 -91"><span class='ocrx_word' id='word_1_234' title='bbox 2140 2809 2285 2903; x_wconf 33' lang='lat' dir='ltr'>Qa-</span> 
     </span>
    </p>
   </div>
   <div class='ocr_carea' id='block_1_8' title="bbox 551 3070 1318 3126">
    <p class='ocr_par' dir='ltr' id='par_1_9' title="bbox 551 3070 1318 3126">
     <span class='ocr_line' id='line_1_29' title="bbox 551 3070 1318 3126; baseline -0.014 -8"><span class='ocrx_word' id='word_1_235' title='bbox 551 3072 622 3126; x_wconf 61' lang='grc' dir='ltr'>ζ’)</span> <span class='ocrx_word' id='word_1_236' title='bbox 653 3076 864 3116; x_wconf 62' lang='lat' dir='ltr'>Bonnam</span> <span class='ocrx_word' id='word_1_237' title='bbox 888 3072 1006 3114; x_wconf 83' lang='lat' dir='ltr'>Instit.</span> <span class='ocrx_word' id='word_1_238' title='bbox 1032 3070 1132 3113; x_wconf 83' lang='lat' dir='ltr'>med.</span> <span class='ocrx_word' id='word_1_239' title='bbox 1161 3074 1193 3124; x_wconf 60' lang='grc' dir='ltr'>ς.</span> <span class='ocrx_word' id='word_1_240' title='bbox 1221 3080 1318 3119; x_wconf 78' lang='lat'>400.</span> 
     </span>
    </p>
   </div>
  </div>
 </body>
</html>
