2513 3435
397 162 471 221 73
1172 135 1402 192 CAPUT
1455 131 1564 193 IV.

653 266 908 324 Praeterea
933 272 1059 319 vero
1084 258 1297 316 minime
1322 256 1581 332 sequitur,
1616 255 1770 334 quod
1803 257 1961 313 toties
1989 267 2345 315 memoratum

403 394 597 453 corpus
623 375 750 431 saxis
771 368 1074 438 adhaeserit,
1115 378 1396 440 propterea
1422 364 1573 440 quod
1597 364 1871 422 nonnullae
1907 362 2052 418 fibrae
2088 364 2143 418 in
2181 364 2343 423 altera

403 489 510 561 ejus
537 484 859 541 extremitate
880 477 1196 553 penderent:
1239 486 1376 548 quot
1413 475 1552 530 enim
1590 472 1786 529 amabo
1823 471 1922 527 alia
1956 471 2191 546 Zoqphyta
2223 487 2343 529 non

400 585 562 650 sunt?
606 607 725 664 quae
777 587 949 659 plures
985 583 1139 641 fibras
1178 601 1206 638 e
1240 598 1466 655 corpore
1497 578 1750 653 pendulas
1785 578 2018 649 habent,
2059 578 2116 634 &
2164 590 2345 635 tamen

402 715 685 772 nunquam
713 694 839 750 saxis
863 692 1171 761 adhaerent,
1209 706 1386 763 neque
1420 688 1574 743 etiam
1613 684 1735 741 ideo
1778 687 1957 758 Tethyn
1996 686 2342 760 appellantur.

403 806 536 881 quid
557 805 589 860 fi
613 821 675 860 ex
701 801 913 878 propria
941 801 1026 861 Cl.
1048 799 1212 854 PANCI
1239 796 1404 871 figura
1426 767 1868 856 demonstrarem,
1909 810 2102 868 corpus
2125 793 2194 848 ab
2225 762 2341 866 ipso

401 913 718 985 descriptum
741 928 858 967 non
893 910 1168 963 Mentulam
1202 922 1377 977 neque
1416 904 1645 976 Tethyum
1682 900 1769 956 sed
1803 902 2147 955 Holothurium
2181 898 2337 956 fuiffe·

398 1038 586 1077 nonne
612 1018 738 1074 illud
767 1017 846 1072 Cl.
875 1017 1010 1072 Viro
1052 1011 1394 1066 Holothurium
1426 1009 1611 1066 audit?
1657 1007 1810 1084 quod
1830 1008 2156 1078 sttlfiantiam
2194 1014 2340 1062 coria-

399 1150 531 1185 ceam
556 1127 720 1183 habet
739 1169 755 1195 2
787 1123 844 1180 &
867 1141 896 1178 a
919 1126 1064 1195 [laxis
1087 1121 1285 1175 liberum
1307 1120 1376 1188 cst.
1454 1116 1619 1189 Atqui
1648 1113 1966 1170 delineatum
1990 1113 2058 1169 ab
2084 1112 2198 1188 ipso
2224 1128 2341 1169 cor·
2376 1142 2379 1143 ν

400 1221 788 1312 Ρῃέσονέασεεωη
815 1231 912 1300 est,
954 1246 1082 1301 ergo
1107 1244 1168 1283 ex
1194 1227 1296 1282 hac
1329 1236 1479 1299 parte
1514 1223 1893 1286 Holothurium5
1932 1222 2082 1294 atqui
2117 1220 2276 1277 etiam
2310 1237 2342 1275 a

401 1343 526 1399 saxis
557 1343 810 1411 liberum,
851 1357 978 1411 ergo
1004 1336 1061 1392 &
1095 1354 1156 1392 ex
1182 1333 1341 1390 altera
1366 1344 1516 1404 parte
1540 1330 1609 1385 ad
1630 1330 1970 1384 Holothurium
1992 1326 2339 1382 referendum.

655 1447 832 1505 Video
859 1445 1096 1501 ultimam
1119 1439 1536 1516 propofitionem
1563 1436 1633 1491 ab
1660 1436 1913 1493 omnibus
1944 1433 2092 1490 facile
2127 1445 2344 1508 negatu-

401 1578 513 1617 ram
544 1558 631 1627 iri,
655 1556 795 1611 hanc
821 1567 998 1608 tamen
1020 1549 1053 1606 fi
1082 1549 1197 1623 quis
1226 1548 1412 1603 certius
1439 1543 1722 1618 probatam
1743 1540 1941 1598 habere
1963 1542 2114 1612 velit,
2149 1543 2188 1596 is
2213 1557 2341 1597 con-

400 1666 530 1723 sulat
558 1663 870 1735 subsequens
897 1668 1056 1729 caput
1082 1656 1148 1711 de
1181 1659 1228 1707 T
1220 1654 1368 1724 ethyo,
1394 1651 1485 1707 ubi
1514 1649 1728 1721 memini
1754 1648 1864 1704 dari
1885 1651 2342 1721 Tethyumfhscicu-

401 1779 557 1830 lat-um
582 1773 712 1826 inter
741 1767 789 1822 se
813 1764 1165 1821 mediantibus
1185 1760 1326 1815 fibris
1356 1758 1584 1825 unitum,
1609 1755 1664 1811 ὃς
1687 1774 1716 1810 a
1738 1754 1863 1811 saxis
1885 1753 2121 1812 liberum.
2173 1755 2345 1829 Atqui

403 1897 596 1954 corpus
625 1876 918 1933 coriaceum
939 1872 1045 1928 &a
1065 1869 1194 1925 saxi-s
1218 1867 1436 1922 liberum
1461 1866 1541 1920 Cl.
1565 1863 1774 1918 PLANCO
1802 1861 2141 1916 Holothur'ium
2162 1860 2341 1932 audit3

404 2005 534 2062 ergo
566 1985 795 2055 Tethymn
822 1981 929 2053 ejus
949 1981 1102 2053 juxta
1133 1993 1252 2031 eum
1288 1974 1641 2027 Holothmium·
1667 1970 1751 2025 est.
1833 1967 2011 2042 Qod
2045 1982 2223 2025 autem
2255 1967 2339 2024 Cl.

404 2094 597 2151 PLAth
620 2106 813 2161 corpus
837 2085 1047 2158 fimplex
1071 2103 1100 2140 a
1120 2081 1260 2137 fimili
1299 2080 1467 2150 Tethye
1502 2096 1625 2132 meo
1660 2075 1956 2132 fasticulato
1986 2073 2217 2130 solutum
2253 2075 2340 2144 fit3

405 2200 626 2277 quilibet
660 2197 811 2270 spero
849 2191 1168 2259 consentiet,
1222 2188 1314 2262 qui
1355 2205 1528 2241 meam
1573 2184 1737 2254 Tethyi
1761 2184 2058 2254 fasticulati
2091 2199 2216 2237 cum
2258 2181 2341 2238 Cl.

405 2309 599 2364 1³11«ch
634 2304 826 2375 Figura
863 2301 928 2356 V.
970 2317 1077 2373 qua
1120 2296 1411 2352 mentulam
1444 2292 1590 2347 fliam
1630 2289 1892 2365 defignat‚
1940 2290 2343 2363 comparaverit.

403 2413 470 2473 Id
495 2412 669 2467 saltem
692 2409 820 2465 mihi
846 2405 1067 2475 accidit,
1110 2401 1264 2477 quod
1285 2399 1466 2473 saepius
1491 2395 1698 2470 fimplex
1728 2395 1955 2465 Tethyum
1978 2413 2007 2449 a
2031 2393 2238 2468 reliquis
2262 2393 2343 2450 so·
2398 2434 2401 2439 -

404 2522 575 2578 lutum
611 2513 1045 2589 deprehenderim
1070 2554 1086 2580 ‚
1149 2513 1204 2565 in
1246 2510 1391 2581 cujus
1413 2504 1584 2561 «altera
1618 2501 1942 2557 extremitate
1979 2517 2202 2574 quoque
2230 2518 2348 2558 non

405 2627 562 2685 nullae
584 2605 727 2682 fibrae
754 2619 966 2680 vifibiles
994 2628 1157 2674 erant.
1221 2617 1274 2672 Si
1294 2614 1374 2669 his
1397 2628 1513 2669 non
1538 2607 1868 2666 obstantibus
1894 2607 2226 2680 comparatio
2254 2619 2346 2665 aut

406 2733 625 2807 suspicio
649 2732 825 2786 haecce
857 2746 974 2783 mea
1013 2740 1232 2781 erronea
1266 2721 1350 2791 fit,
1392 2719 1599 2777 veniam
1635 2716 1785 2773 dabit
1822 2715 1902 2770 Cl.
1948 2713 2216 2784 ΡιΑΝςυε,
2257 2714 2349 2788 qui

407 2840 592 2900 lubens
616 2837 789 2894 forsan
817 2831 1098 2891 concedet:
1142 2829 1297 2905 quod
1324 2846 1387 2884 ex
1411 2828 1516 2900 ejus
1547 2822 1838 2881 breviffima
1868 2824 2098 2875 Mentula
2117 2825 2224 2893 siaae
2256 2818 2352 2877 de·

410 2950 687 3025 striptione
722 2940 869 3003 haud
905 2939 1175 3000 meliorem
1215 2933 1379 2994 facere
1419 2944 1680 3006 poteram.
1761 2927 1975 2987 Dubito
2010 2928 2151 2985 enim
2184 2940 2348 3001 quam

2160 3050 2265 3092 ma-
