2513 3435
420 125 514 180 40
1202 95 1465 153 2CA1>UT
1507 96 1551 154 I.

419 227 719 288 faecundata
740 222 827 282 {ed
851 224 1134 280 immatura
1158 218 1216 274 &
1251 217 1412 276 veluti
1442 216 1776 292 petrificata?
1817 236 1885 276 an
1922 219 2151 293 denique
2180 222 2236 277 in
2268 218 2372 278 foe-

418 338 607 398 mineis
631 335 891 392 duntaxat
912 329 1048 387 testis
1077 325 1587 402 deprehenduntur?
1608 325 1676 380 (Ἴ
1719 306 2023 402 Margaritae
2055 328 2110 384 in
2146 324 2251 384 offe
2285 332 2372 384 ler-

420 467 528 502 naeae
549 439 903 501 conchiformi
930 448 1190 513 generatae
1210 432 1331 490 sane
1352 451 1537 490 omnes
1562 433 1832 491 recensitas
1861 434 1926 490 de
1949 452 2130 491 earum
2165 437 2372 511 origine

424 552 708 629 opiniones
734 546 881 604 facile
907 546 1174 619 rejiciunt,
1216 542 1274 599 δε
1299 543 1354 597 ni
1387 541 1538 598 fallor
1583 541 1697 598 luce
1734 539 2024 598 meridiana
2065 541 2247 599 clarius
2284 543 2375 600 de-

386 649 393 655 )
423 633 745 720 monstrant:
788 656 1190 721 ScHRothmM,
1233 650 1596 719 GtoFRoYUM,
1635 648 1896 705 LmNffinM
1918 649 2160 725 aliosque
2185 648 2374 706 Clarii:

425 768 578 827 fimos
608 767 747 823 viros
768 763 902 819 recte
925 762 1274 818 ratiocinatos
1310 756 1483 828 fuisse,
1523 758 1614 832 qui
1645 756 1920 829 asseruere,
1958 759 2262 831 margaritas
2299 756 2372 814 la-

424 875 640 948 pidibus
666 869 991 930 bezoardicis
1016 867 1228 924 aemulas
1254 865 1372 937 effe,
1418 878 1579 940 atque
1605 866 1788 922 eadem
1811 864 2022 938 prorsus
2059 867 2265 922 ratione
2309 882 2372 923 ex

424 981 640 1040 terrestri
663 981 955 1036 humorum
975 976 1224 1050 portione
1245 972 1591 1030 concrescere.
1652 974 1718 1028 In
1740 979 1909 1029 lernam
1932 985 2069 1030 certe
2090 972 2263 1029 nullus
2286 989 2373 1029 ros

425 1091 657 1148 marinus
674 1088 729 1142 in
755 1102 1048 1141 concavam
1071 1081 1190 1141 offis
1226 1094 1429 1157 partem
1471 1080 1761 1150 delabitur,
1801 1098 1977 1155 neque
2013 1080 2144 1136 radii
2184 1078 2373 1139 solares

426 1198 574 1255 hunc
599 1193 846 1251 indurare
872 1191 1077 1262 valent,
1118 1207 1240 1246 cum
1273 1208 1335 1246 os
1375 1186 1499 1244 forti
1531 1189 1840 1249 membrana
1876 1188 2114 1262 undique
2143 1185 2371 1245 cinctum

429 1305 524 1375 fit,
591 1304 647 1360 &
692 1306 862 1356 lernaea
905 1317 1059 1372 aeque
1106 1317 1167 1355 ac
1221 1297 1482 1354 conchilia
1518 1294 1789 1369 profunde
1822 1292 1918 1351 sub
1968 1296 2117 1369 aquis
2149 1293 2371 1350 habitet.

427 1410 605 1469 Ovula
628 1411 782 1465 etiam
808 1410 865 1464 in
904 1407 1182 1482 praefatum
1218 1424 1280 1463 os
1312 1422 1430 1460 non
1466 1403 1846 1477 deponuntur,
1886 1418 2007 1459 cum
2043 1401 2158 1463 haec
2192 1399 2273 1458 vel
2309 1415 2373 1457 ex

427 1533 580 1577 utero
605 1518 661 1573 in
682 1535 825 1573 mare
852 1516 1148 1589 ejiciantur,
1187 1514 1294 1576 vel,
1337 1511 1490 1587 quod
1510 1510 1858 1568 determinare
1887 1526 2006 1566 non
2044 1510 2219 1573 valeo,
2260 1524 2372 1582 per·

304 1631 307 1633 ’
383 1707 386 1709 ³
426 1626 570 1685 fecffae
586 1628 697 1701 jam
720 1627 936 1678 lernaeolae
958 1641 1019 1678 ex
1046 1641 1112 1678 eo
1142 1622 1428 1696 prodeunt.

679 1733 731 1788 Si
749 1745 1000 1804 praeterea
1037 1725 1166 1804 ipsas
1202 1729 1506 1801 margaritas
1540 1726 1706 1800 paulo
1743 1727 1994 1784 attentius
2030 1722 2373 1795 confiderem,

427 1838 575 1900 haud
600 1841 789 1910 videO,
830 1837 963 1913 quid
987 1837 1259 1892 nonnullis
1286 1836 1565 1898 obstiterit,
1605 1835 1758 1908 quod
1779 1836 1873 1891 has
1896 1850 2013 1890 non
2040 1832 2110 1889 ad
2141 1831 2373 1890 calculos

427 1948 763 2009 reducerent,
806 1945 890 2002 led
915 1945 1093 2021 potius
1114 1953 1506 2014 extravagentes
1528 1939 1671 1997 ideas
1708 1937 1775 1994 de
1812 1957 1992 1996 earum
2031 1941 2238 2016 origine
2269 1938 2370 1995 for-

427 2045 570 2116 mare
598 2055 922 2112 adamarent.
1001 2051 1226 2106 Materia
1251 2050 1479 2123 primum
1513 2046 1745 2102 calcarea
1779 2049 1972 2120 praesto
2009 2048 2103 2110 est,
2147 2065 2268 2122 quae
2302 2047 2371 2103 ab

427 2163 766 2242 appropriata
787 2158 1036 2234 glandula
1057 2174 1160 2230 pro
1195 2155 1545 2213 fabricatione
1581 2154 1723 2213 testae
1764 2155 1819 2212 in
1858 2172 2086 2229 corpore
2130 2154 2366 2212 animalis

430 2287 808 2349 quamcunque
844 2267 1024 2322 testam
1063 2264 1408 2321 inhabitantis
1451 2261 1744 2320 secernitur.
1866 2255 2050 2322 Talem
2088 2265 2143 2319 in
2182 2263 2371 2317 cochlea

431 2380 692 2458 operculum·
731 2376 924 2432 detexit
963 2374 1471 2449 SWAMMtanAMma,
1506 2370 1590 2425 <”)
1656 2369 1825 2444 plures
1872 2364 2053 2426 similes
2095 2367 2371 2444 glandulas

430 2486 685 2547 candidas
710 2485 762 2538 in
796 2481 1104 2538 membrana
1139 2493 1429 2535 concavam
1467 2476 1585 2533 offis
1620 2478 1795 2532 lernaeae
1830 2488 2036 2550 partem
2069 2476 2376 2534 investientev

431 2594 675 2669 dispersas
697 2590 788 2648 effe
816 2589 909 2646 sub
933 2588 1083 2644 initio
1132 2585 1375 2656 memini,
1416 2605 1445 2642 e
1478 2586 1670 2659 quibus
1701 2584 1897 2640 humor
1932 2583 2082 2644 albus
2116 2579 2370 2640 tartareus

432 2721 534 2778 pro
559 2700 879 2757 formatione
902 2696 1018 2753 offis
1040 2694 1201 2751 stillat.
1280 2692 1475 2749 Forma
1503 2705 1748 2766 praeterea
1772 2690 2020 2764 sphaerica
2062 2688 2268 2747 calculis
2292 2691 2373 2745 in-

434 2811 582 2869 solita
607 2825 724 2864 non
743 2806 843 2875 est,
882 2822 1010 2859 nam
1031 2804 1171 2859 hanc
1193 2800 1376 2877 saepius
1396 2797 1580 2856 calculi
1600 2799 1773 2856 veficae
1799 2798 1854 2854 in
1878 2816 2108 2874 corpore*
2129 2797 2373 2854 humano

587 2966 591 2969 .
2218 2904 2294 2962 in-

584 2990 649 3043 (*)
695 2992 811 3043 JOAN.
838 2990 1064 3029 EDERHARD.
1094 2987 1219 3027 Tratt.
1247 2985 1293 3025 de
1319 2983 1480 3039 Origine
1505 2982 1806 3037 margaritarum.

582 3045 664 3100 (⁸⁹)
695 3047 813 3086 Biblia
835 3057 911 3085 nat.
