2513 3435
461 107 565 160 150
1258 84 1486 143 CAPUT
1531 84 1602 144 X.
1672 75 1677 78 ”

375 192 377 194 ’
451 211 575 286 plex
598 210 820 284 lamina,
859 225 967 287 qua
991 220 1170 268 totum
1193 208 1459 269 conflatur
1478 210 1568 269 ovi
1593 224 1802 289 corpus,
1821 209 2123 271 seinvicem
2154 215 2400 293 attingat,

453 319 510 378 δε
535 319 679 378 simul
704 332 952 378 concreta
975 318 1225 378 videatur.
1301 318 1678 377 Intermedium
1702 339 1895 398 corpus
1919 345 1959 377 c.
1988 322 2237 397 utrinque
2268 340 2400 391 con-

453 447 644 488 vexum
666 429 734 485 est
760 441 921 503 atque
945 445 1151 498 cavum,
1173 429 1436 503 margines
1448 439 1712 488 tumentes
1727 432 1773 486 d.
1797 433 1844 488 d.
1869 431 1924 488 in
1946 431 2050 487 lata
2078 433 2405 490 extremitate

451 536 602 595 sulcis
623 536 852 611 obliquis
872 537 1046 592 notati
1068 534 1207 606 sunt,
1223 536 1278 591 in
1303 536 1483 593 medio
1510 559 1547 591 e.
1576 560 1616 592 e.
1648 536 1800 610 leveS,
1821 538 1993 596 versus
2016 538 2403 597 extremitatem

450 643 707 704 finuosam
745 644 927 717 paucis
962 643 1088 701 striis
1090 647 1149 714 fi
1157 646 1215 716 f
1237 642 1478 701 instrufti.
1561 645 2023 723 Qilibetmargo
2061 647 2313 721 utrinque
2343 648 2404 706 in

450 751 711 810 chordam
733 750 869 808 duos
888 750 1050 824 pedes
1073 769 1194 808 cum
1220 750 1442 809 dimidio
1464 751 1684 827 longam
1699 773 1744 828 g.
1767 775 1870 830 gg.
1889 777 1936 831 g.
1960 754 2084 812 abit.
2137 736 2404 827 *Chordae

449 861 534 918 hae
559 861 758 919 varium
783 860 837 916 in
863 858 1091 916 modum
1117 858 1530 932 contrahuntur,
1547 878 1707 936 quam
1734 864 1963 936 primum
1987 880 2049 919 ex
2075 859 2210 937 pisce
2234 875 2404 930 extrae-

450 971 531 1027 &a
556 986 659 1027 ova
685 968 821 1038 sunt,
848 967 905 1024 δε
930 969 985 1025 ni
1005 967 1271 1025 manubus
1291 968 1658 1034 extendantur,
1673 971 1727 1026 in
1750 969 2040 1045 glomerem
2064 970 2402 1029 convolvun-

446 1089 532 1134 tur
555 1077 612 1132 in
634 1073 833 1132 finuosa
854 1077 1119 1152 praecipue
1148 1078 1236 1134 ovi
1258 1078 1599 1133 extremitate.
1622 1076 1708 1134 Ad
1728 1089 1971 1134 exortum
1995 1076 2143 1134 suum
2168 1077 2214 1133 h.
2229 1079 2276 1134 h.
2289 1080 2335 1135 h.
2349 1079 2396 1137 h.

446 1185 581 1242 ultra
605 1185 797 1241 lineam
823 1181 990 1239 craffae
1018 1183 1153 1256 sunt,
1170 1183 1348 1241 sensim
1374 1202 1502 1242 vero
1526 1184 1868 1259 gracilescunt
1898 1185 1954 1241 δε
1979 1187 2036 1242 in
2057 1185 2163 1244 fine
2189 1188 2273 1244 vix
2295 1186 2398 1247 sex·

444 1308 556 1354 tam
580 1295 728 1351 lineae
748 1304 953 1366 partem
982 1291 1241 1348 diametro
1267 1293 1354 1349 sua
1377 1293 1679 1368 adaequant.
1701 1366 1703 1371 ¹
1761 1294 1857 1350 Per
1875 1304 2053 1351 totum
2074 1292 2148 1350 sui
2164 1294 2397 1353 -trae‘tum

446 1402 517 1461 ad
545 1400 771 1459 modum
797 1399 1016 1457 chordae
1041 1400 1349 1458 umbilicalis
1372 1399 1524 1457 faetus
1544 1399 1765 1456 humani
1791 1412 2059 1458 contortae
2082 1398 2228 1474 sunt,
2251 1401 2399 1459 lutei:
2497 1464 2503 1466 ,

447 1525 602 1570 cente
629 1508 809 1566 colore
837 1508 1044 1580 tinelae,
1084 1521 1484 1584 transparentes.
1566 1509 1753 1584 Qare
1785 1508 2015 1566 chordas
2047 1527 2109 1566 ex
2143 1508 2397 1567 intestinis

450 1619 754 1678 animalium
778 1629 987 1690 paratas
1012 1619 1247 1693 apprime
1274 1614 1520 1674 referunt.
1601 1614 1764 1673 Nulla
1784 1595 1980 1679 cavitas
1998 1619 2056 1674 in
2083 1616 2165 1674 his
2191 1615 2397 1692 conspi-

448 1745 546 1784 cua
574 1727 671 1790 est,
717 1725 814 1783 five
839 1737 1101 1795 recentes,
1142 1725 1242 1782 {ive
1277 1726 1441 1783 coe‘tae
1478 1724 1534 1780 &
1567 1723 1890 1782 transverfim
1928 1722 2214 1803 sciffaeope
2245 1724 2399 1783 lentis

447 1834 870 1904 confiderentur3
912 1833 1058 1889 unde
1087 1832 1436 1891 determinare
1456 1832 1739 1904 nonlicet,
1779 1849 1848 1889 an
1862 1831 2087 1892 ehordae
2125 1833 2221 1891 hae:
2244 1831 2397 1893 vaso-2

446 1961 596 2014 rum,
636 1959 705 1998 an
729 1959 855 1999 vero
881 1941 1291 2016 ligamentorum
1317 1959 1536 1997 munere
1560 1939 1864 2013 fungantur.

699 2049 914 2125 Duplex
938 2047 1268 2120 illavlamina,
1312 2065 1433 2122 quae
1459 2064 1655 2120 corpus
1681 2048 1772 2105 ovi
1812 2048 2105 2112 constituit,
2144 2059 2391 2124 quartam

444 2160 591 2219 lineae
617 2170 822 2232 partem
847 2155 1061 2213 crassitie
1080 2168 1198 2212 non
1223 2156 1454 2225 excedit,
1496 2155 1644 2212 fortis
1668 2167 1849 2211 tamen
1875 2157 1975 2226 est,
2017 2156 2075 2213 &
2098 2156 2150 2214 vi
2172 2156 2391 2232 scalpelli

443 2267 699 2337 refistens,
737 2263 1026 2342 pellucida,
1065 2263 1334 2321 succinum
1375 2266 1577 2322 luteum
1614 2262 1797 2321 colore
1829 2263 2098 2322 aemulans.
2180 2264 2246 2320 In
2277 2283 2387 2322 me·

446 2378 540 2434 dio
568 2375 670 2433 fere
696 2375 785 2433 ovi
813 2390 1041 2446 corpore
1079 2389 1185 2428 una
1221 2372 1290 2428 ab
1331 2371 1492 2428 altera
1524 2371 1893 2451 separata-est,
1934 2383 2096 2446 atque
2129 2389 2321 2445 cavum
2353 2379 2388 2427 i.

444 2482 812 2544 intermedium
849 2481 1124 2555 relinquit,
1171 2479 1325 2554 quod
1365 2481 1423 2536 in
1457 2478 1549 2535 illis
1583 2469 1728 2549 ovis,
1778 2496 1899 2553 quae
1935 2478 2160 2554 Pragam
2186 2479 2275 2536 ad'
2301 2496 2390 2538 me

443 2593 584 2652 missa
613 2591 755 2655 sunt,
795 2590 862 2648 ad
883 2590 1263 2647 extremitatem
1291 2585 1753 2663 usque-finuosam'
1773 2585 2042 2643 extensum
2069 2587 2170 2659 est,
2211 2588 2269 2644 in·
2292 2587 2387 2647 illis

443 2717 605 2771 vere,
646 2716 768 2775 quae
796 2698 1024 2772 piscator
1052 2710 1283 2754 recenter
1307 2700 1562 2773 ‘exsqnalo
1593 2696 1812 2766 exemit,
1852 2711 1968 2751 non
1994 2688 2060 2750 eo
2097 2714 2266 2770 usque
2311 2696 2392 2754 di·-

441 2812 719 2870 la'tabatur.
797 2809 864 2865 In
889 2805 1137 2862 omnibus
1160 2817 1336 2861 autem
1377 2806 1545 2880 magis
1580 2804 1650 2861 ab
1686 2805 2014 2861 extremitate
2049 2804 2153 2862 lata
2166 2827 2206 2876 ,0
2227 2823 2392 2880 quam
2427 2856 2431 2859 .

444 2919 512 2978 ab
544 2916 871 2976 extremitate
911 2912 1003 2972 ovi
1033 2911 1236 2971 finuosa
1274 2912 1442 2974 distat.
1526 2911 1782 2986 Repletur
1815 2929 2005 2971 cavum
2041 2913 2131 2971 ovi
2163 2911 2394 2970 humore

2209 3016 2303 3079 sal-
