2513 3435
96 668 185 746 ne
220 672 585 764 praecipites
623 670 747 742 fint
788 672 861 741 in
901 669 1223 762 negando
1267 691 1390 754 eo,
1454 670 1642 762 quod
1690 669 1973 740 Veteres
2019 668 2103 736 de
2151 676 2315 759 quo-

95 790 363 858 cunque
389 769 664 835 demum
693 766 982 835 naturali
1014 785 1303 852 corpore
1345 765 1661 854 scriptum
1702 766 2066 855 reliquere3
2131 766 2203 829 ni
2245 765 2317 830 il-

92 863 209 931 lud
242 863 426 949 prius
456 861 712 949 ipfimet
744 860 968 949 saepius
1001 857 1066 926 δε
1112 859 1304 949 omni
1346 861 1508 927 anni
1548 858 1941 948 tempestate
1989 858 2316 926 examina-

92 957 350 1043 verint3
425 976 563 1044 quo
609 953 792 1024 facio
835 954 1111 1022 demum
1161 974 1316 1020 cum
1363 951 1532 1020 orbe
1571 953 1900 1021 litterario
1943 953 2318 1019 communi-

91 1065 281 1130 cent,
349 1048 512 1138 quid
577 1050 754 1130 veri,
824 1047 1149 1138 quidnam
1205 1046 1342 1115 falfi
1387 1047 1670 1115 Veteres
1714 1044 1915 1114 nobis
1957 1045 2313 1113 tradidere.

88 1142 319 1232 Atque
358 1141 486 1210 hac
529 1144 796 1210 ratione
840 1140 1070 1230 spero,
1121 1141 1299 1208 intra
1338 1140 1547 1209 breve
1593 1156 1858 1228 tempus
1900 1141 1967 1206 in
2012 1138 2317 1227 ampliffi-

89 1255 271 1303 mam
300 1254 666 1326 veramque
699 1256 928 1305 rerum
959 1236 1433 1326 cognitionem
1476 1233 1935 1303 deveniemus.
2045 1233 2200 1328 Qa
2231 1233 2315 1301 de

89 1349 166 1396 re
220 1330 423 1397 etiam
474 1330 605 1400 est:
682 1329 872 1419 quod
913 1330 1137 1396 nullus
1194 1327 1501 1396 dubitem
1555 1348 1858 1395 errorem
1902 1348 2132 1395 meum
2187 1348 2313 1415 pro

90 1423 281 1490 nullo
317 1438 871 1510 computaturum
905 1423 1025 1503 iri,
1080 1443 1291 1511 quum
1324 1444 1445 1510 per
1478 1443 1632 1490 eum
1661 1422 2014 1490 Veritatem
2052 1420 2318 1488 detexe-

87 1516 252 1596 rim,
304 1514 388 1582 de
423 1536 554 1605 qua
580 1514 859 1603 ipsemet
890 1513 1067 1584 hanc
1098 1517 1169 1582 in
1199 1536 1413 1606 usque
1458 1515 1640 1583 diem
1688 1513 2144 1605 ambigerem,
2199 1515 2315 1582 nisi

91 1608 531 1679 ARISTOTELIS
575 1610 660 1676 de
686 1609 889 1697 stpiae
939 1609 1085 1676 ovis
1126 1607 1363 1698 scripta
1414 1608 1862 1676 confirmandi
1901 1608 2314 1677 occasionem

89 1700 189 1768 Cl.
221 1701 679 1770 NozEMANNo
711 1701 1063 1781 dedissem,
1114 1703 1229 1768 nisi
1269 1702 1334 1770 &
1384 1701 1517 1789 ipse
1558 1701 1908 1771 noviffime
1954 1700 2053 1771 Cl.
2091 1699 2316 1769 Nozss-

88 1814 324 1865 MANNJ
350 1794 855 1864 observationes
887 1814 1077 1863 veras
1111 1794 1234 1861 effe
1269 1813 1580 1882 expertus
1612 1793 1895 1864 fuissem.

345 1888 619 1982 Qiaeret
645 1905 874 1956 autem
928 1886 1251 1977 quispiam
1295 1909 1377 1955 ex
1414 1908 1556 1969 me,
1611 1887 1775 1978 quid
1824 1909 1978 1955 cum
2027 1887 2315 1958 differta-

84 1981 277 2049 tione
306 2002 455 2049 mea
481 1980 891 2068 destpimmn
930 1983 1067 2048 ovis
1099 1978 1432 2049 fecerim?
1487 1981 1739 2049 dicam:
1795 1982 2139 2049 confilium
2180 1982 2318 2050 Au-

88 2069 292 2141 &oris
319 2073 752 2141 Bibliothecae
780 2075 1170 2160 impartialis
1198 2075 1515 2164 sequutus
1553 2074 1731 2156 sum,
1786 2076 1903 2164 qui
1930 2076 2002 2143 in
2039 2075 2172 2143 fine
2196 2077 2316 2144 Ar-

87 2165 278 2232 ticuli
328 2167 493 2234 VIII.
542 2168 898 2235 exclamat:
951 2166 1304 2257 L'ouvmge
1340 2170 1410 2234 de
1453 2170 1595 2235 M.
1634 2168 1950 2255 Bahasffch
1991 2189 2152 2236 cmm
2198 2192 2314 2237 mle

11 2293 19 2300 -
87 2256 490 2344 approbation
510 2260 795 2350 generale
811 2315 829 2344 ,
849 2261 913 2348 fi
937 2262 1092 2327 dans
1117 2259 1490 2347 mnestconde
1517 2262 1741 2329 edition
1783 2261 1835 2328 il
1853 2261 2136 2330 l'intizule
2170 2263 2318 2351 sz

62 2349 516 2439 strzationstff
543 2353 631 2420 les
657 2351 991 2421 veritables
1021 2348 1191 2437 oerffs
1221 2356 1300 2420 dn
1337 2353 1603 2422 Calmar.
1701 2351 1867 2422 Non
1916 2371 2142 2423 tamen
2190 2355 2314 2423 dis-

90 2440 522 2511 sertationem
576 2446 1048 2533 particularem
1102 2446 1187 2512 de
1242 2446 1419 2514 veris
1469 2447 1739 2536 lolzginis
1792 2449 1938 2516 ovis
1992 2450 2313 2519 torculari

91 2534 365 2624 subjeci3
400 2537 510 2604 sed
538 2536 792 2606 hancce
825 2541 1177 2609 materiam
1208 2540 1415 2608 unico
1447 2539 1771 2612 duntaxat
1800 2543 2015 2635 capite
2043 2542 2114 2611 in
2149 2542 2309 2615 hoc-

90 2649 166 2697 ce
197 2628 373 2719 libro
412 2629 920 2720 comprehendi.

345 2723 512 2822 Qae
540 2726 612 2792 in
637 2725 912 2814 reliquis
941 2722 1270 2812 capitibus
1298 2725 1621 2815 descripta
1658 2725 1996 2796 habentur
2022 2747 2311 2818 corpora

0 2818 1 2823 ’
91 2816 383 2896 marina,
432 2818 540 2885 vel
563 2819 720 2886 talia
750 2818 933 2885 sunt:
974 2840 1115 2907 quat
1147 2820 1328 2908 apud
1369 2821 1535 2889 alios
1577 2820 1976 2910 pertrastata
2021 2843 2163 2889 non
2209 2824 2308 2892 in-

92 2909 498 2994 veniuntur3
544 2912 648 2981 vel
681 2912 864 2983 talia:
917 2933 1214 3002 quorum
1262 2914 1486 2984 minus
1525 2916 1865 3005 elegantes
1912 2915 1977 2984 ἃ
2019 2919 2306 2987 naturali

2053 3011 2216 3081 stru-
