2513 3435
881 115 974 171 De
1017 112 1246 170 PENNA.
1930 136 2035 185 203

339 237 533 296 Pinnas
558 237 833 296 tentaculis
853 235 1122 295 instructas
1142 248 1284 295 artus
1305 241 1476 292 Pemzae
1503 234 1714 311 appello
1739 248 2040 311 propterca,

87 343 240 423 quod
270 347 353 405 hae
373 347 556 403 nostro
580 345 808 421 Zocphyto
830 364 862 401 a
886 358 1071 402 natura
1100 342 1351 401 conceffae
1372 343 1497 414 fint,
1540 356 1600 401 ut
1620 361 1703 400 eas
1727 356 1935 401 artuum
1960 346 2038 402 lo-

87 473 153 513 co
178 455 247 512 ad
272 452 585 530 capiendam
611 449 780 510 escam
804 450 1094 509 adhiberet.
1174 451 1368 509 Pinnas
1394 454 1522 509 vero
1550 452 1674 510 ideo
1710 450 1834 510 dico
1851 495 1867 522 ‚
1909 452 2037 526 quia

85 562 180 622 illis
203 580 322 621 non
344 561 484 620 secus
516 578 578 618 ac
599 559 762 634 pisces
786 560 962 633 pinnis
982 559 1080 618 suis
1107 561 1162 617 in
1185 558 1430 616 natando
1456 560 1636 618 utitur.

340 669 521 725 Pinnae
543 667 631 725 hae
667 670 721 726 in
754 668 1027 726 nonnullis
1052 675 1223 724 Pennae
1259 667 1545 727 individuis
1583 686 1674 741 24.
1712 669 1767 725 in
1804 669 1910 725 aliis
1946 681 2035 738 27.

83 776 318 852 denique
343 779 398 833 in
420 775 525 833 aliis
556 793 642 842 30.
659 776 717 833 &
743 778 914 852 plures
940 777 995 832 in
1018 775 1260 851 quolibet
1285 777 1459 833 trunci
1485 774 1641 832 latere
1668 788 2035 833 numerantur.

81 883 312 942 Diversae
337 882 718 958 magnitudinis
754 880 907 954 sunt,
947 883 1180 940 minimae
1212 883 1266 939 in
1309 884 1543 940 acutiore
1574 884 1748 941 trunci
1781 885 2038 955 portione

79 976 445 1062 collocantur,
488 991 731 1047 maximae
751 990 985 1047 medium
1010 992 1064 1047 in
1099 990 1292 1048 eodem
1330 1003 1525 1047 trunco
1558 991 1709 1048 {itum
1746 1003 2035 1064 occupant.

82 1100 291 1157 Omnes
305 1097 628 1157 ‘falcifotmes
648 1097 769 1152 sunt
783 1140 799 1167 ,
821 1097 879 1154 δε
901 1099 1152 1155 coriaceae
1177 1115 1297 1155 non
1321 1098 1460 1155 secus
1480 1116 1541 1155 ac
1561 1111 1778 1156 truncus
1801 1097 2030 1161 substant
2049 1102 2198 1170 figam
2224 1118 2265 1160 3.

79 1207 195 1278 tiae,
236 1225 334 1264 nec
359 1223 480 1264 non
501 1204 626 1262 striis
648 1207 932 1263 innumeris
955 1206 1151 1281 exiguis
1173 1227 1220 1262 a.
1246 1228 1291 1261 a.
1330 1226 1377 1261 a.
1415 1207 1676 1263 coccineo
1715 1206 1897 1264 colore
1933 1208 2034 1263 tin-

81 1315 171 1372 ‹S’tis
192 1314 463 1378 instruclae.
544 1311 776 1385 Majores
796 1331 963 1390 prope
988 1326 1235 1373 exortum
1259 1314 1302 1370 [α.
1326 1313 1566 1388 quinque
1592 1314 1749 1370 lineas
1775 1313 1831 1371 &
1863 1313 2034 1374 versus

82 1434 372 1478 extremum
395 1445 435 1476 c.
460 1419 638 1477 stnfim
661 1419 1012 1478 decrescentes
1042 1421 1172 1479 duas
1197 1422 1356 1478 lineas
1379 1420 1498 1477 latae
1523 1420 1657 1478 sunt.
1713 1422 1891 1482 Facies
1914 1426 2032 1497 pina·

77 1545 266 1587 narum
294 1546 530 1585 concava
551 1530 599 1582 d.
632 1526 822 1584 obtusa
844 1529 945 1600 est,
988 1545 1227 1586 convexa
1254 1553 1295 1587 e.
1317 1545 1446 1587 vero
1467 1541 1620 1586 acuta
1654 1527 1709 1585 δε
1734 1528 1984 1588 scindens„

327 1636 398 1691 ›In
423 1633 550 1692 facie
577 1652 813 1694 concava
837 1636 1104 1693 tentacula
1129 1631 1418 1710 cylindrica
1453 1637 1578 1693 octo
1608 1635 1884 1694 filamentis
1905 1638 2031 1696 albi-2

78 1743 323 1802 cantibus
348 1742 636 1801 mobilibus
662 1744 866 1799 munita
889 1760 989 1818 pro
1016 1743 1384 1817 magnitudine
1407 1744 1584 1819 pinnae
1612 1743 1814 1801 diverso
1847 1761 2032 1806 nume*

76 1868 140 1908 ro
177 1863 482 1929 occurrunt.
566 1852 632 1907 In
682 1851 909 1907 maxima
943 1851 1109 1924 pinna
1140 1851 1355 1924 triginta
1398 1863 1632 1926 quatuor
1669 1866 2033 1927 numerantur,

77 1971 238 2034 atque
258 1960 329 2014 ita
356 1956 598 2033 disposita
621 1955 772 2028 sunt,
811 1969 872 2014 ut
903 1974 996 2030 24.
1018 1974 1190 2032 prope
1220 1963 1387 2015 Pennae
1416 1971 1666 2015 truncum
1699 1947 1914 2035 fimplici
1945 1980 2031 2019 or-

79 2066 203 2124 dine
209 2069 268 2137 fl
289 2077 596 2136 excurrant,
639 2065 822 2124 decem
845 2067 1055 2124 veroin
1079 2067 1405 2122 extremitate
1439 2066 1619 2140 pinnae
1657 2065 1855 2143 duplici
1885 2069 2029 2127 ordi-

77 2191 211 2251 neg.
237 2173 578 2230 collocentur.
650 2175 733 2230 Ita
763 2185 939 2232 autem
976 2174 1151 2249 pinnis
1184 2172 1437 2245 insident,
1483 2150 1542 2229 ut
1579 2189 1746 2233 unum
1787 2193 1910 2260 cum
1948 2177 2029 2236 iis-

78 2281 201 2339 dem
226 2280 548 2338 constituant
572 2295 782 2353 corpus,
2103 2352 2111 2363 ,

332 2388 548 2461 Corpus
593 2386 986 2445 tentaculorum
1020 2387 1368 2463 cylindricum
1431 2407 1478 2446 a.
1528 2390 1831 2449 molliorem
1862 2409 2024 2469 quam
2042 2406 2190 2475 Figura
2210 2421 2258 2470 4.

83 2493 206 2571 ipfie
228 2496 405 2569 pinnae
430 2495 811 2553 confistentiam
833 2495 1017 2569 habet,
1032 2498 1087 2553 in
1113 2499 1258 2572 cujus
1281 2501 1604 2557 extremitate
1618 2500 1743 2558 ocio
1757 2500 2024 2559 filamenta

78 2600 338 2672 candida,
378 2580 583 2675 tenuia,
626 2616 730 2661 tres
754 2604 950 2660 circiter
975 2581 1134 2663 lineas
1153 2605 1319 2681 longa
1351 2607 1409 2663 &
1449 2606 1718 2682 aequaliter
1755 2626 1785 2665 a
1818 2608 1867 2665 se
1899 2610 2025 2668 invi-

79 2729 194 2769 cem
218 2711 458 2770 distantia
483 2711 524 2766 b.
554 2710 596 2766 b.
624 2722 818 2768 extant.
902 2711 988 2769 Ad
1011 2713 1171 2769 basim
1215 2713 1488 2788 cujuslibet
1525 2717 1775 2774 tentaculi
1813 2717 2022 2776 officula
2036 2732 2185 2800 Figura
2212 2746 2253 2795 3.

82 2817 329 2895 quaedam
355 2819 632 2877 tenerrima
654 2820 700 2878 h.
713 2821 1049 2895 longitudine
1072 2822 1157 2880 vix
1181 2822 1374 2881 lineam
1411 2828 1751 2901 exuperantia
1776 2826 1862 2884 fita
1884 2827 2022 2900 sunt,

80 2926 138 2984 in
163 2943 283 2986 eum
311 2925 458 2985 haud
483 2925 643 2987 dubie
662 2929 849 2988 finem:
891 2942 949 2988 ut
973 2930 1239 2989 tentacula
1276 2944 1450 2993 exerta
1486 2932 1816 3007 sustinerent,
1861 2934 2021 2992 &illa

1873 3059 1951 3099 m-
