<?xml version="1.0" encoding="UTF-8"?>
<!DOCTYPE html PUBLIC "-//W3C//DTD XHTML 1.0 Transitional//EN"
    "http://www.w3.org/TR/xhtml1/DTD/xhtml1-transitional.dtd">
<html xmlns="http://www.w3.org/1999/xhtml" xml:lang="en" lang="en">
 <head>
  <title>
</title>
<meta http-equiv="Content-Type" content="text/html;charset=utf-8" />
  <meta name='ocr-system' content='tesseract 3.04.00' />
  <meta name='ocr-capabilities' content='ocr_page ocr_carea ocr_par ocr_line ocrx_word'/>
</head>
<body>
  <div class='ocr_page' id='page_1' title='image "./dequibusdamanima00boh_0161.png"; bbox 0 0 2513 3435; ppageno 0'>
   <div class='ocr_carea' id='block_1_1' title="bbox 705 86 2085 176">
    <p class='ocr_par' dir='ltr' id='par_1_1' title="bbox 705 86 2085 176">
     <span class='ocr_line' id='line_1_1' title="bbox 705 86 2085 176; baseline 0.01 -32"><span class='ocrx_word' id='word_1_1' title='bbox 705 86 797 144; x_wconf 68' lang='lat' dir='ltr'><strong>Dr.</strong></span> <span class='ocrx_word' id='word_1_2' title='bbox 836 86 1112 144; x_wconf 70' lang='lat' dir='ltr'>MEDUSA</span> <span class='ocrx_word' id='word_1_3' title='bbox 1155 87 1517 149; x_wconf 78' lang='lat' dir='ltr'>PALL1ATA.</span> <span class='ocrx_word' id='word_1_4' title='bbox 1976 114 2085 176; x_wconf 82' lang='lat'><strong>13¹7</strong></span> 
     </span>
    </p>
   </div>
   <div class='ocr_carea' id='block_1_2' title="bbox 22 207 2082 3096">
    <p class='ocr_par' dir='ltr' id='par_1_2' title="bbox 121 207 2082 1572">
     <span class='ocr_line' id='line_1_2' title="bbox 132 207 2082 288; baseline 0.006 -22"><span class='ocrx_word' id='word_1_5' title='bbox 132 207 261 266; x_wconf 83' lang='lat' dir='ltr'><strong>illud</strong></span> <span class='ocrx_word' id='word_1_6' title='bbox 288 219 516 266; x_wconf 86' lang='lat' dir='ltr'><strong>meretur</strong></span> <span class='ocrx_word' id='word_1_7' title='bbox 541 207 615 265; x_wconf 90' lang='lat' dir='ltr'><strong>ob</strong></span> <span class='ocrx_word' id='word_1_8' title='bbox 641 210 879 284; x_wconf 78' lang='lat' dir='ltr'><strong>corporis</strong></span> <span class='ocrx_word' id='word_1_9' title='bbox 903 208 1241 282; x_wconf 66' lang='lat' dir='ltr'><strong>strueturam,</strong></span> <span class='ocrx_word' id='word_1_10' title='bbox 1286 231 1448 288; x_wconf 85' lang='lat' dir='ltr'><strong>quam</strong></span> <span class='ocrx_word' id='word_1_11' title='bbox 1481 232 1602 272; x_wconf 89' lang='lat' dir='ltr'><strong>cum</strong></span> <span class='ocrx_word' id='word_1_12' title='bbox 1638 216 1811 273; x_wconf 86' lang='lat' dir='ltr'><strong>urticis</strong></span> <span class='ocrx_word' id='word_1_13' title='bbox 1843 236 2082 278; x_wconf 89' lang='lat' dir='ltr'><strong>commu-</strong></span> 
     </span>
     <span class='ocr_line' id='line_1_3' title="bbox 128 315 2081 402; baseline 0.006 -29"><span class='ocrx_word' id='word_1_14' title='bbox 128 332 254 373; x_wconf 88' lang='lat' dir='ltr'><strong>nem</strong></span> <span class='ocrx_word' id='word_1_15' title='bbox 294 315 486 382; x_wconf 77' lang='lat' dir='ltr'><strong>habet3</strong></span> <span class='ocrx_word' id='word_1_16' title='bbox 529 328 752 390; x_wconf 85' lang='lat' dir='ltr'><strong>excepto</strong></span> <span class='ocrx_word' id='word_1_17' title='bbox 775 317 893 374; x_wconf 83' lang='lat' dir='ltr'><strong>velo</strong></span> <span class='ocrx_word' id='word_1_18' title='bbox 932 316 1104 386; x_wconf 73' lang='lat' dir='ltr'><strong>ofl‘e0,</strong></span> <span class='ocrx_word' id='word_1_19' title='bbox 1145 320 1228 376; x_wconf 90' lang='lat' dir='ltr'><strong>cui</strong></span> <span class='ocrx_word' id='word_1_20' title='bbox 1259 320 1776 394; x_wconf 70' lang='lat' dir='ltr'><strong>firmiteradhaeret,</strong></span> <span class='ocrx_word' id='word_1_21' title='bbox 1822 328 2081 402; x_wconf 84' lang='lat' dir='ltr'><strong>quodque</strong></span> 
     </span>
     <span class='ocr_line' id='line_1_4' title="bbox 129 424 2079 501; baseline 0.005 -20"><span class='ocrx_word' id='word_1_22' title='bbox 129 437 332 501; x_wconf 83' lang='lat' dir='ltr'><strong>partem</strong></span> <span class='ocrx_word' id='word_1_23' title='bbox 367 425 472 497; x_wconf 89' lang='lat' dir='ltr'><strong>ejus</strong></span> <span class='ocrx_word' id='word_1_24' title='bbox 509 424 796 481; x_wconf 86' lang='lat' dir='ltr'><strong>constitu-it.</strong></span> <span class='ocrx_word' id='word_1_25' title='bbox 876 425 1018 481; x_wconf 89' lang='lat' dir='ltr'><strong>Cum</strong></span> <span class='ocrx_word' id='word_1_26' title='bbox 1064 424 1247 482; x_wconf 73' lang='lat' dir='ltr'><strong>FABms</strong></span> <span class='ocrx_word' id='word_1_27' title='bbox 1296 429 1599 499; x_wconf 75' lang='lat' dir='ltr'><strong>COLUMNA,</strong></span> <span class='ocrx_word' id='word_1_28' title='bbox 1640 442 1758 487; x_wconf 89' lang='lat' dir='ltr'><strong>tum</strong></span> <span class='ocrx_word' id='word_1_29' title='bbox 1808 431 1888 488; x_wconf 88' lang='lat' dir='ltr'><strong>Cl.</strong></span> <span class='ocrx_word' id='word_1_30' title='bbox 1937 433 2079 491; x_wconf 76' lang='lat' dir='ltr'>CAR-</span> 
     </span>
     <span class='ocr_line' id='line_1_5' title="bbox 127 530 2075 615; baseline 0.006 -27"><span class='ocrx_word' id='word_1_31' title='bbox 127 550 244 588; x_wconf 72' lang='lat' dir='ltr'><strong>smu</strong></span> <span class='ocrx_word' id='word_1_32' title='bbox 301 532 470 588; x_wconf 89' lang='lat' dir='ltr'><strong>hocce</strong></span> <span class='ocrx_word' id='word_1_33' title='bbox 523 530 787 604; x_wconf 79' lang='lat' dir='ltr'><em>Zoophyton</em></span> <span class='ocrx_word' id='word_1_34' title='bbox 850 532 1013 590; x_wconf 89' lang='lat' dir='ltr'><strong>difuse</strong></span> <span class='ocrx_word' id='word_1_35' title='bbox 1045 532 1329 610; x_wconf 82' lang='lat' dir='ltr'><strong>·descripfit</strong></span> <span class='ocrx_word' id='word_1_36' title='bbox 1351 579 1368 605; x_wconf 90' lang='lat'><strong>,</strong></span> <span class='ocrx_word' id='word_1_37' title='bbox 1428 536 1641 595; x_wconf 86' lang='lat' dir='ltr'><strong>ultimus</strong></span> <span class='ocrx_word' id='word_1_38' title='bbox 1688 557 1815 596; x_wconf 89' lang='lat' dir='ltr'><strong>vero</strong></span> <span class='ocrx_word' id='word_1_39' title='bbox 1872 541 2075 615; x_wconf 81' lang='lat' dir='ltr'><strong>elegan-</strong></span> 
     </span>
     <span class='ocr_line' id='line_1_6' title="bbox 127 636 2074 717; baseline 0.005 -22"><span class='ocrx_word' id='word_1_40' title='bbox 127 650 234 695; x_wconf 89' lang='lat' dir='ltr'><strong>tem</strong></span> <span class='ocrx_word' id='word_1_41' title='bbox 256 641 361 714; x_wconf 86' lang='lat' dir='ltr'><strong>ejus</strong></span> <span class='ocrx_word' id='word_1_42' title='bbox 386 637 609 713; x_wconf 82' lang='lat' dir='ltr'><strong>figuram</strong></span> <span class='ocrx_word' id='word_1_43' title='bbox 632 636 846 712; x_wconf 82' lang='lat' dir='ltr'><strong>adjecit:</strong></span> <span class='ocrx_word' id='word_1_44' title='bbox 894 639 1021 698; x_wconf 87' lang='lat' dir='ltr'><strong>hinc</strong></span> <span class='ocrx_word' id='word_1_45' title='bbox 1043 640 1227 697; x_wconf 89' lang='lat' dir='ltr'><strong>inutile</strong></span> <span class='ocrx_word' id='word_1_46' title='bbox 1246 640 1382 699; x_wconf 87' lang='lat' dir='ltr'><strong>foret</strong></span> <span class='ocrx_word' id='word_1_47' title='bbox 1408 645 1514 717; x_wconf 84' lang='lat' dir='ltr'><strong>ejus</strong></span> <span class='ocrx_word' id='word_1_48' title='bbox 1550 643 1822 702; x_wconf 79' lang='lat' dir='ltr'><strong>historiam</strong></span> <span class='ocrx_word' id='word_1_49' title='bbox 1856 644 1942 704; x_wconf 91' lang='lat' dir='ltr'><strong>hic</strong></span> <span class='ocrx_word' id='word_1_50' title='bbox 1972 647 2074 705; x_wconf 85' lang='lat' dir='ltr'><strong>loci</strong></span> 
     </span>
     <span class='ocr_line' id='line_1_7' title="bbox 125 744 2074 823; baseline 0.005 -23"><span class='ocrx_word' id='word_1_51' title='bbox 125 758 388 818; x_wconf 88' lang='lat' dir='ltr'><strong>repetere,</strong></span> <span class='ocrx_word' id='word_1_52' title='bbox 430 744 547 800; x_wconf 89' lang='lat' dir='ltr'><strong>licet</strong></span> <span class='ocrx_word' id='word_1_53' title='bbox 574 744 713 801; x_wconf 88' lang='lat' dir='ltr'><strong>idem</strong></span> <span class='ocrx_word' id='word_1_54' title='bbox 735 744 911 802; x_wconf 75' lang='lat' dir='ltr'><strong>mense</strong></span> <span class='ocrx_word' id='word_1_55' title='bbox 948 747 1190 823; x_wconf 85' lang='lat' dir='ltr'><strong>Augusto</strong></span> <span class='ocrx_word' id='word_1_56' title='bbox 1227 761 1389 823; x_wconf 70' lang='lat' dir='ltr'><strong>tanto¹</strong></span> <span class='ocrx_word' id='word_1_57' title='bbox 1411 768 1640 807; x_wconf 89' lang='lat' dir='ltr'><strong>numero</strong></span> <span class='ocrx_word' id='word_1_58' title='bbox 1673 753 1802 809; x_wconf 89' lang='lat' dir='ltr'><strong>mihi</strong></span> <span class='ocrx_word' id='word_1_59' title='bbox 1838 752 2074 812; x_wconf 82' lang='lat' dir='ltr'><strong>adlatum</strong></span> 
     </span>
     <span class='ocr_line' id='line_1_8' title="bbox 123 852 2070 934; baseline 0.002 -21"><span class='ocrx_word' id='word_1_60' title='bbox 123 853 212 925; x_wconf 82' lang='lat' dir='ltr'><strong>fit,</strong></span> <span class='ocrx_word' id='word_1_61' title='bbox 256 865 315 909; x_wconf 89' lang='lat' dir='ltr'><strong>ut</strong></span> <span class='ocrx_word' id='word_1_62' title='bbox 335 852 459 911; x_wconf 85' lang='lat' dir='ltr'><strong>inde</strong></span> <span class='ocrx_word' id='word_1_63' title='bbox 478 853 735 926; x_wconf 83' lang='lat' dir='ltr'><strong>integram</strong></span> <span class='ocrx_word' id='word_1_64' title='bbox 759 854 1195 929; x_wconf 69' lang='lat' dir='ltr'><strong>ejusstrueniram</strong></span> <span class='ocrx_word' id='word_1_65' title='bbox 1220 856 1468 915; x_wconf 85' lang='lat' dir='ltr'><strong>leviffimo</strong></span> <span class='ocrx_word' id='word_1_66' title='bbox 1501 862 1726 934; x_wconf 81' lang='lat' dir='ltr'><strong>negotio</strong></span> <span class='ocrx_word' id='word_1_67' title='bbox 1759 860 2070 933; x_wconf 85' lang='lat' dir='ltr'>depromere</span> 
     </span>
     <span class='ocr_line' id='line_1_9' title="bbox 123 958 2068 1044; baseline 0.003 -24"><span class='ocrx_word' id='word_1_68' title='bbox 123 960 420 1037; x_wconf 73' lang='lat' dir='ltr'><strong>potuiss&#39;em.</strong></span> <span class='ocrx_word' id='word_1_69' title='bbox 494 958 632 1018; x_wconf 82' lang='lat' dir='ltr'><strong>Illud</strong></span> <span class='ocrx_word' id='word_1_70' title='bbox 668 973 904 1018; x_wconf 82' lang='lat' dir='ltr'>attamen</span> <span class='ocrx_word' id='word_1_71' title='bbox 940 965 1342 1035; x_wconf 73' lang='lat' dir='ltr'><strong>praetermittere</strong></span> <span class='ocrx_word' id='word_1_72' title='bbox 1374 984 1620 1041; x_wconf 83' lang='lat' dir='ltr'><strong>nequeO,</strong></span> <span class='ocrx_word' id='word_1_73' title='bbox 1661 968 1815 1043; x_wconf 86' lang='lat' dir='ltr'><strong>quod</strong></span> <span class='ocrx_word' id='word_1_74' title='bbox 1848 968 1951 1044; x_wconf 83' lang='lat' dir='ltr'><strong>ipse</strong></span> <span class='ocrx_word' id='word_1_75' title='bbox 1988 969 2068 1026; x_wconf 89' lang='lat' dir='ltr'><strong>Cl.</strong></span> 
     </span>
     <span class='ocr_line' id='line_1_10' title="bbox 123 1053 2069 1142; baseline 0.005 -17"><span class='ocrx_word' id='word_1_76' title='bbox 123 1053 364 1126; x_wconf 65' lang='lat' dir='ltr'><strong>CARBt’nu</strong></span> <span class='ocrx_word' id='word_1_77' title='bbox 389 1066 658 1128; x_wconf 83' lang='lat' dir='ltr'><strong>absolvere</strong></span> <span class='ocrx_word' id='word_1_78' title='bbox 682 1085 800 1126; x_wconf 89' lang='lat' dir='ltr'><strong>non</strong></span> <span class='ocrx_word' id='word_1_79' title='bbox 818 1083 1046 1142; x_wconf 84' lang='lat' dir='ltr'><strong>poterat.</strong></span> <span class='ocrx_word' id='word_1_80' title='bbox 1126 1072 1279 1130; x_wconf 88' lang='lat' dir='ltr'><strong>Dum</strong></span> <span class='ocrx_word' id='word_1_81' title='bbox 1301 1074 1443 1130; x_wconf 89' lang='lat' dir='ltr'><strong>enim</strong></span> <span class='ocrx_word' id='word_1_82' title='bbox 1474 1075 1838 1132; x_wconf 80' lang='lat' dir='ltr'><strong>membranam</strong></span> <span class='ocrx_word' id='word_1_83' title='bbox 1864 1076 2069 1134; x_wconf 89' lang='lat' dir='ltr'><strong>velifor·</strong></span> 
     </span>
     <span class='ocr_line' id='line_1_11' title="bbox 121 1172 2067 1256; baseline 0.003 -22"><span class='ocrx_word' id='word_1_84' title='bbox 121 1195 265 1234; x_wconf 87' lang='lat' dir='ltr'><strong>mern</strong></span> <span class='ocrx_word' id='word_1_85' title='bbox 285 1175 554 1246; x_wconf 83' lang='lat' dir='ltr'><strong>describit,</strong></span> <span class='ocrx_word' id='word_1_86' title='bbox 595 1172 645 1231; x_wconf 89' lang='lat' dir='ltr'><strong>se</strong></span> <span class='ocrx_word' id='word_1_87' title='bbox 678 1175 939 1234; x_wconf 83' lang='lat' dir='ltr'><strong>affirmare</strong></span> <span class='ocrx_word' id='word_1_88' title='bbox 970 1195 1088 1234; x_wconf 88' lang='lat' dir='ltr'><strong>non</strong></span> <span class='ocrx_word' id='word_1_89' title='bbox 1120 1177 1261 1253; x_wconf 82' lang='lat' dir='ltr'><strong>poffe</strong></span> <span class='ocrx_word' id='word_1_90' title='bbox 1287 1181 1487 1256; x_wconf 88' lang='lat' dir='ltr'><strong>inquit:</strong></span> <span class='ocrx_word' id='word_1_91' title='bbox 1533 1200 1601 1239; x_wconf 81' lang='lat' dir='ltr'><strong>an</strong></span> <span class='ocrx_word' id='word_1_92' title='bbox 1635 1182 1942 1241; x_wconf 83' lang='lat' dir='ltr'><strong>membrana</strong></span> <span class='ocrx_word' id='word_1_93' title='bbox 1964 1188 2067 1256; x_wconf 62' lang='lat' dir='ltr'><strong>alce,</strong></span> 
     </span>
     <span class='ocr_line' id='line_1_12' title="bbox 121 1282 2069 1364; baseline 0.004 -25"><span class='ocrx_word' id='word_1_94' title='bbox 121 1282 178 1340; x_wconf 84' lang='lat' dir='ltr'><strong>fit</strong></span> <span class='ocrx_word' id='word_1_95' title='bbox 200 1284 456 1342; x_wconf 87' lang='lat' dir='ltr'><strong>continua</strong></span> <span class='ocrx_word' id='word_1_96' title='bbox 479 1301 601 1340; x_wconf 90' lang='lat' dir='ltr'><strong>cum</strong></span> <span class='ocrx_word' id='word_1_97' title='bbox 624 1283 936 1341; x_wconf 81' lang='lat' dir='ltr'><strong>membrana</strong></span> <span class='ocrx_word' id='word_1_98' title='bbox 962 1286 1134 1360; x_wconf 72' lang='lat' dir='ltr'><em>baſsos.</em></span> <span class='ocrx_word' id='word_1_99' title='bbox 1214 1287 1341 1345; x_wconf 82' lang='lat' dir='ltr'><strong>Haec</strong></span> <span class='ocrx_word' id='word_1_100' title='bbox 1365 1288 1543 1364; x_wconf 83' lang='lat' dir='ltr'><strong>itaque</strong></span> <span class='ocrx_word' id='word_1_101' title='bbox 1568 1288 1877 1347; x_wconf 82' lang='lat' dir='ltr'><strong>membrana</strong></span> <span class='ocrx_word' id='word_1_102' title='bbox 1899 1288 1956 1345; x_wconf 87' lang='lat'>&amp;</span> <span class='ocrx_word' id='word_1_103' title='bbox 1985 1302 2069 1346; x_wconf 93' lang='lat' dir='ltr'><strong>to-</strong></span> 
     </span>
     <span class='ocr_line' id='line_1_13' title="bbox 121 1390 2068 1474; baseline 0.004 -26"><span class='ocrx_word' id='word_1_104' title='bbox 121 1403 239 1448; x_wconf 89' lang='lat' dir='ltr'><strong>tum</strong></span> <span class='ocrx_word' id='word_1_105' title='bbox 276 1390 451 1449; x_wconf 88' lang='lat' dir='ltr'><strong>velum</strong></span> <span class='ocrx_word' id='word_1_106' title='bbox 487 1390 777 1466; x_wconf 89' lang='lat' dir='ltr'><strong>quomodo</strong></span> <span class='ocrx_word' id='word_1_107' title='bbox 814 1390 863 1447; x_wconf 88' lang='lat' dir='ltr'><strong>se</strong></span> <span class='ocrx_word' id='word_1_108' title='bbox 888 1390 1111 1466; x_wconf 81' lang='lat' dir='ltr'><strong>habeat,</strong></span> <span class='ocrx_word' id='word_1_109' title='bbox 1155 1394 1212 1453; x_wconf 62' lang='grc' dir='ltr'><strong>ὃς</strong></span> <span class='ocrx_word' id='word_1_110' title='bbox 1238 1413 1345 1471; x_wconf 78' lang='lat' dir='ltr'><strong>qua</strong></span> <span class='ocrx_word' id='word_1_111' title='bbox 1378 1398 1589 1455; x_wconf 81' lang='lat' dir='ltr'><strong>ratione</strong></span> <span class='ocrx_word' id='word_1_112' title='bbox 1622 1397 1929 1455; x_wconf 66' lang='lat' dir='ltr'><strong>strueturam</strong></span> <span class='ocrx_word' id='word_1_113' title='bbox 1964 1399 2068 1474; x_wconf 78' lang='lat' dir='ltr'><strong>ejus</strong></span> 
     </span>
     <span class='ocr_line' id='line_1_14' title="bbox 121 1497 814 1572; baseline -0.003 -15"><span class='ocrx_word' id='word_1_114' title='bbox 121 1498 406 1557; x_wconf 85' lang='lat' dir='ltr'><strong>detexerim</strong></span> <span class='ocrx_word' id='word_1_115' title='bbox 432 1500 544 1572; x_wconf 80' lang='lat' dir='ltr'><strong>jam</strong></span> <span class='ocrx_word' id='word_1_116' title='bbox 583 1497 814 1555; x_wconf 85' lang='lat' dir='ltr'><strong>referam.</strong></span> 
     </span>
    </p>

    <p class='ocr_par' dir='ltr' id='par_1_3' title="bbox 22 1604 2067 2983">
     <span class='ocr_line' id='line_1_15' title="bbox 372 1604 2067 1688; baseline 0.006 -28"><span class='ocrx_word' id='word_1_117' title='bbox 372 1605 452 1661; x_wconf 85' lang='lat' dir='ltr'><strong>Ex</strong></span> <span class='ocrx_word' id='word_1_118' title='bbox 475 1604 709 1680; x_wconf 89' lang='lat' dir='ltr'><strong>pluribus</strong></span> <span class='ocrx_word' id='word_1_119' title='bbox 730 1605 1088 1681; x_wconf 78' lang='lat' dir='ltr'><strong>elegantiffimi</strong></span> <span class='ocrx_word' id='word_1_120' title='bbox 1112 1608 1324 1684; x_wconf 87' lang='lat' dir='ltr'><strong>hujusce</strong></span> <span class='ocrx_word' id='word_1_121' title='bbox 1344 1610 1569 1687; x_wconf 78' lang='lat' dir='ltr'><strong>Zoophyti</strong></span> <span class='ocrx_word' id='word_1_122' title='bbox 1591 1609 1874 1670; x_wconf 87' lang='lat' dir='ltr'><strong>individuis</strong></span> <span class='ocrx_word' id='word_1_123' title='bbox 1889 1657 1905 1685; x_wconf 95' lang='lat'><strong>,</strong></span> <span class='ocrx_word' id='word_1_124' title='bbox 1946 1631 2067 1688; x_wconf 80' lang='lat' dir='ltr'><strong>quoe</strong></span> 
     </span>
     <span class='ocr_line' id='line_1_16' title="bbox 118 1711 2066 1794; baseline 0.004 -24"><span class='ocrx_word' id='word_1_125' title='bbox 118 1711 296 1772; x_wconf 87' lang='lat' dir='ltr'><strong>mense</strong></span> <span class='ocrx_word' id='word_1_126' title='bbox 324 1713 565 1787; x_wconf 81' lang='lat' dir='ltr'><strong>Augusto</strong></span> <span class='ocrx_word' id='word_1_127' title='bbox 593 1729 920 1787; x_wconf 78' lang='lat' dir='ltr'><strong>acceperam,</strong></span> <span class='ocrx_word' id='word_1_128' title='bbox 972 1716 1222 1791; x_wconf 78' lang='lat' dir='ltr'><strong>quaedam</strong></span> <span class='ocrx_word' id='word_1_129' title='bbox 1247 1717 1305 1773; x_wconf 91' lang='lat' dir='ltr'><strong>in</strong></span> <span class='ocrx_word' id='word_1_130' title='bbox 1333 1717 1513 1791; x_wconf 86' lang='lat' dir='ltr'><strong>spiritu</strong></span> <span class='ocrx_word' id='word_1_131' title='bbox 1536 1719 1639 1776; x_wconf 89' lang='lat' dir='ltr'><strong>vini</strong></span> <span class='ocrx_word' id='word_1_132' title='bbox 1665 1718 1904 1794; x_wconf 69' lang='lat' dir='ltr'><strong>reposita,</strong></span> <span class='ocrx_word' id='word_1_133' title='bbox 1926 1737 2066 1778; x_wconf 91' lang='lat' dir='ltr'><strong>non-</strong></span> 
     </span>
     <span class='ocr_line' id='line_1_17' title="bbox 117 1819 2066 1900; baseline 0.003 -21"><span class='ocrx_word' id='word_1_134' title='bbox 117 1821 264 1880; x_wconf 84' lang='lat' dir='ltr'><strong>nulla</strong></span> <span class='ocrx_word' id='word_1_135' title='bbox 292 1837 420 1878; x_wconf 83' lang='lat' dir='ltr'><strong>vero</strong></span> <span class='ocrx_word' id='word_1_136' title='bbox 454 1821 509 1876; x_wconf 84' lang='lat' dir='ltr'><strong>in</strong></span> <span class='ocrx_word' id='word_1_137' title='bbox 541 1819 649 1876; x_wconf 80' lang='lat' dir='ltr'><strong>soie</strong></span> <span class='ocrx_word' id='word_1_138' title='bbox 684 1821 868 1879; x_wconf 83' lang='lat' dir='ltr'><strong>ficcata</strong></span> <span class='ocrx_word' id='word_1_139' title='bbox 906 1822 1132 1900; x_wconf 81' lang='lat' dir='ltr'><strong>Pragam</strong></span> <span class='ocrx_word' id='word_1_140' title='bbox 1167 1825 1449 1896; x_wconf 74' lang='lat' dir='ltr'><strong>transmisi,</strong></span> <span class='ocrx_word' id='word_1_141' title='bbox 1501 1840 1615 1899; x_wconf 92' lang='lat' dir='ltr'><strong>quo</strong></span> <span class='ocrx_word' id='word_1_142' title='bbox 1648 1825 1874 1884; x_wconf 79' lang='lat' dir='ltr'><strong>reversus</strong></span> <span class='ocrx_word' id='word_1_143' title='bbox 1913 1825 2066 1885; x_wconf 84' lang='lat' dir='ltr'><strong>ficcas</strong></span> 
     </span>
     <span class='ocr_line' id='line_1_18' title="bbox 119 1929 2065 2017; baseline 0.003 -30"><span class='ocrx_word' id='word_1_144' title='bbox 119 1947 262 1987; x_wconf 84' lang='lat' dir='ltr'><strong>meas</strong></span> <span class='ocrx_word' id='word_1_145' title='bbox 283 1931 536 2001; x_wconf 70' lang='lat' dir='ltr'><strong>Medustzs,</strong></span> <span class='ocrx_word' id='word_1_146' title='bbox 572 1940 663 1986; x_wconf 87' lang='lat' dir='ltr'><strong>aut</strong></span> <span class='ocrx_word' id='word_1_147' title='bbox 687 1929 871 1987; x_wconf 82' lang='lat' dir='ltr'><strong>meiius</strong></span> <span class='ocrx_word' id='word_1_148' title='bbox 899 1931 1187 2017; x_wconf 82' lang='lat' dir='ltr'><strong>earundem</strong></span> <span class='ocrx_word' id='word_1_149' title='bbox 1209 1933 1322 1990; x_wconf 82' lang='lat' dir='ltr'><strong>vela</strong></span> <span class='ocrx_word' id='word_1_150' title='bbox 1349 1933 1655 1990; x_wconf 78' lang='lat' dir='ltr'><strong>examinans</strong></span> <span class='ocrx_word' id='word_1_151' title='bbox 1679 1934 1870 2006; x_wconf 86' lang='lat' dir='ltr'><strong>reperi:</strong></span> <span class='ocrx_word' id='word_1_152' title='bbox 1911 1936 2065 2009; x_wconf 88' lang='lat' dir='ltr'><strong>quod</strong></span> 
     </span>
     <span class='ocr_line' id='line_1_19' title="bbox 117 2035 2063 2116; baseline 0.003 -20"><span class='ocrx_word' id='word_1_153' title='bbox 117 2038 428 2096; x_wconf 82' lang='lat' dir='ltr'><strong>membrana</strong></span> <span class='ocrx_word' id='word_1_154' title='bbox 455 2035 639 2096; x_wconf 85' lang='lat' dir='ltr'><strong>baseos</strong></span> <span class='ocrx_word' id='word_1_155' title='bbox 672 2056 701 2094; x_wconf 92' lang='lat' dir='ltr'><strong>e</strong></span> <span class='ocrx_word' id='word_1_156' title='bbox 732 2036 932 2111; x_wconf 84' lang='lat' dir='ltr'><strong>duplici</strong></span> <span class='ocrx_word' id='word_1_157' title='bbox 977 2038 1170 2098; x_wconf 81' lang='lat' dir='ltr'><strong>lamina</strong></span> <span class='ocrx_word' id='word_1_158' title='bbox 1211 2042 1489 2114; x_wconf 60' lang='lat' dir='ltr'><strong>compasta</strong></span> <span class='ocrx_word' id='word_1_159' title='bbox 1528 2041 1614 2111; x_wconf 85' lang='lat' dir='ltr'><strong>fit,</strong></span> <span class='ocrx_word' id='word_1_160' title='bbox 1659 2057 1767 2097; x_wconf 86' lang='lat' dir='ltr'><strong>una</strong></span> <span class='ocrx_word' id='word_1_161' title='bbox 1803 2040 2063 2116; x_wconf 84' lang='lat' dir='ltr'><strong>inferiore,</strong></span> 
     </span>
     <span class='ocr_line' id='line_1_20' title="bbox 117 2144 2063 2224; baseline 0.002 -19"><span class='ocrx_word' id='word_1_162' title='bbox 117 2145 474 2205; x_wconf 86' lang='lat' dir='ltr'><strong>cuinimirum</strong></span> <span class='ocrx_word' id='word_1_163' title='bbox 494 2144 687 2201; x_wconf 84' lang='lat' dir='ltr'><strong>animal</strong></span> <span class='ocrx_word' id='word_1_164' title='bbox 706 2144 918 2215; x_wconf 80' lang='lat' dir='ltr'><strong>insidet,</strong></span> <span class='ocrx_word' id='word_1_165' title='bbox 962 2147 1120 2217; x_wconf 84' lang='lat' dir='ltr'><strong>altera</strong></span> <span class='ocrx_word' id='word_1_166' title='bbox 1143 2146 1440 2221; x_wconf 80' lang='lat' dir='ltr'><strong>superiore,</strong></span> <span class='ocrx_word' id='word_1_167' title='bbox 1479 2166 1600 2222; x_wconf 85' lang='lat' dir='ltr'><strong>quae</strong></span> <span class='ocrx_word' id='word_1_168' title='bbox 1629 2150 1823 2207; x_wconf 89' lang='lat' dir='ltr'><strong>sursum</strong></span> <span class='ocrx_word' id='word_1_169' title='bbox 1847 2151 2063 2224; x_wconf 79' lang='lat' dir='ltr'><strong>elevata,</strong></span> 
     </span>
     <span class='ocr_line' id='line_1_21' title="bbox 22 2230 2061 2331; baseline 0.002 -18"><span class='ocrx_word' id='word_1_170' title='bbox 22 2276 30 2281; x_wconf 55' lang='lat'><em>⁷</em></span> <span class='ocrx_word' id='word_1_171' title='bbox 60 2278 68 2280; x_wconf 51' lang='lat'>⁷</span> <span class='ocrx_word' id='word_1_172' title='bbox 114 2255 215 2315; x_wconf 89' lang='lat' dir='ltr'><strong>veli</strong></span> <span class='ocrx_word' id='word_1_173' title='bbox 238 2230 376 2311; x_wconf 62' lang='lat' dir='ltr'><strong>alum</strong></span> <span class='ocrx_word' id='word_1_174' title='bbox 403 2251 626 2323; x_wconf 83' lang='lat' dir='ltr'><strong>format,</strong></span> <span class='ocrx_word' id='word_1_175' title='bbox 676 2253 802 2310; x_wconf 87' lang='lat' dir='ltr'><strong>hinc</strong></span> <span class='ocrx_word' id='word_1_176' title='bbox 824 2237 1018 2311; x_wconf 82' lang='lat' dir='ltr'><strong>lamina</strong></span> <span class='ocrx_word' id='word_1_177' title='bbox 1039 2253 1224 2312; x_wconf 71' lang='lat' dir='ltr'>hastos</span> <span class='ocrx_word' id='word_1_178' title='bbox 1246 2252 1479 2331; x_wconf 84' lang='lat' dir='ltr'><strong>superior</strong></span> <span class='ocrx_word' id='word_1_179' title='bbox 1508 2257 1566 2314; x_wconf 88' lang='lat'>&amp;</span> <span class='ocrx_word' id='word_1_180' title='bbox 1591 2259 1675 2316; x_wconf 76' lang='lat' dir='ltr'><strong>ala</strong></span> <span class='ocrx_word' id='word_1_181' title='bbox 1711 2276 1817 2315; x_wconf 86' lang='lat' dir='ltr'><strong>una</strong></span> <span class='ocrx_word' id='word_1_182' title='bbox 1857 2261 2061 2318; x_wconf 80' lang='lat' dir='ltr'><strong>eadem-</strong></span> 
     </span>
     <span class='ocr_line' id='line_1_22' title="bbox 116 2360 2063 2439; baseline 0.003 -20"><span class='ocrx_word' id='word_1_183' title='bbox 116 2379 226 2438; x_wconf 92' lang='lat' dir='ltr'><strong>que</strong></span> <span class='ocrx_word' id='word_1_184' title='bbox 263 2360 573 2420; x_wconf 81' lang='lat' dir='ltr'><strong>membrana</strong></span> <span class='ocrx_word' id='word_1_185' title='bbox 605 2361 705 2436; x_wconf 87' lang='lat' dir='ltr'><strong>est,</strong></span> <span class='ocrx_word' id='word_1_186' title='bbox 749 2362 836 2419; x_wconf 74' lang='lat' dir='ltr'><strong>seu</strong></span> <span class='ocrx_word' id='word_1_187' title='bbox 875 2362 1028 2439; x_wconf 88' lang='lat' dir='ltr'><strong>quod</strong></span> <span class='ocrx_word' id='word_1_188' title='bbox 1059 2364 1140 2420; x_wconf 83' lang='lat' dir='ltr'><strong>CI.</strong></span> <span class='ocrx_word' id='word_1_189' title='bbox 1181 2364 1422 2437; x_wconf 69' lang='lat' dir='ltr'>CARBURI</span> <span class='ocrx_word' id='word_1_190' title='bbox 1450 2364 1919 2427; x_wconf 80' lang='lat' dir='ltr'><strong>indeterminatum</strong></span> <span class='ocrx_word' id='word_1_191' title='bbox 1955 2370 2063 2425; x_wconf 85' lang='lat' dir='ltr'><strong>reli-</strong></span> 
     </span>
     <span class='ocr_line' id='line_1_23' title="bbox 117 2470 2064 2549; baseline 0.006 -23"><span class='ocrx_word' id='word_1_192' title='bbox 117 2471 264 2546; x_wconf 87' lang='lat' dir='ltr'><strong>quit,</strong></span> <span class='ocrx_word' id='word_1_193' title='bbox 307 2470 588 2526; x_wconf 65' lang='lat' dir='ltr'><strong>membranae</strong></span> <span class='ocrx_word' id='word_1_194' title='bbox 609 2474 696 2526; x_wconf 74' lang='lat' dir='ltr'><strong>alce</strong></span> <span class='ocrx_word' id='word_1_195' title='bbox 716 2479 944 2528; x_wconf 74' lang='lat' dir='ltr'><strong>continua</strong></span> <span class='ocrx_word' id='word_1_196' title='bbox 966 2475 1028 2545; x_wconf 76' lang='lat' dir='ltr'><strong>est</strong></span> <span class='ocrx_word' id='word_1_197' title='bbox 1044 2495 1152 2528; x_wconf 84' lang='lat' dir='ltr'><strong>cum</strong></span> <span class='ocrx_word' id='word_1_198' title='bbox 1176 2474 1452 2531; x_wconf 72' lang='lat' dir='ltr'><strong>membrana</strong></span> <span class='ocrx_word' id='word_1_199' title='bbox 1484 2475 1660 2549; x_wconf 64' lang='lat' dir='ltr'><em>baſsos.</em></span> <span class='ocrx_word' id='word_1_200' title='bbox 1748 2479 2064 2538; x_wconf 82' lang='lat' dir='ltr'><strong>Membrana</strong></span> 
     </span>
     <span class='ocr_line' id='line_1_24' title="bbox 117 2574 2061 2662; baseline 0.006 -28"><span class='ocrx_word' id='word_1_201' title='bbox 117 2575 304 2634; x_wconf 82' lang='lat' dir='ltr'><strong>baseos</strong></span> <span class='ocrx_word' id='word_1_202' title='bbox 327 2574 537 2634; x_wconf 82' lang='lat' dir='ltr'><strong>inferior</strong></span> <span class='ocrx_word' id='word_1_203' title='bbox 561 2577 698 2637; x_wconf 86' lang='lat' dir='ltr'><strong>laevis</strong></span> <span class='ocrx_word' id='word_1_204' title='bbox 724 2579 795 2635; x_wconf 87' lang='lat' dir='ltr'><strong>est</strong></span> <span class='ocrx_word' id='word_1_205' title='bbox 812 2622 830 2649; x_wconf 93' lang='lat'><strong>,</strong></span> <span class='ocrx_word' id='word_1_206' title='bbox 871 2578 1017 2637; x_wconf 84' lang='lat' dir='ltr'><strong>sulcis</strong></span> <span class='ocrx_word' id='word_1_207' title='bbox 1042 2582 1375 2641; x_wconf 80' lang='lat' dir='ltr'><strong>circularibus</strong></span> <span class='ocrx_word' id='word_1_208' title='bbox 1403 2585 1672 2658; x_wconf 82' lang='lat' dir='ltr'><strong>exceptis,</strong></span> <span class='ocrx_word' id='word_1_209' title='bbox 1696 2588 1787 2662; x_wconf 86' lang='lat' dir='ltr'><strong>qui</strong></span> <span class='ocrx_word' id='word_1_210' title='bbox 1823 2590 1880 2643; x_wconf 90' lang='lat' dir='ltr'><strong>in</strong></span> <span class='ocrx_word' id='word_1_211' title='bbox 1900 2606 1961 2644; x_wconf 83' lang='lat' dir='ltr'><strong>ea</strong></span> <span class='ocrx_word' id='word_1_212' title='bbox 1989 2602 2061 2646; x_wconf 87' lang='lat' dir='ltr'><strong>te-</strong></span> 
     </span>
     <span class='ocr_line' id='line_1_25' title="bbox 42 2674 2059 2768; baseline 0.005 -26"><span class='ocrx_word' id='word_1_213' title='bbox 42 2710 48 2715; x_wconf 31' lang='lat'>»</span> <span class='ocrx_word' id='word_1_214' title='bbox 115 2687 290 2743; x_wconf 86' lang='lat' dir='ltr'><strong>nuiter</strong></span> <span class='ocrx_word' id='word_1_215' title='bbox 313 2674 506 2742; x_wconf 82' lang='lat' dir='ltr'><strong>exarati</strong></span> <span class='ocrx_word' id='word_1_216' title='bbox 540 2686 674 2746; x_wconf 90' lang='lat' dir='ltr'><strong>sunt.</strong></span> <span class='ocrx_word' id='word_1_217' title='bbox 755 2687 944 2745; x_wconf 74' lang='lat' dir='ltr'>Bastos</span> <span class='ocrx_word' id='word_1_218' title='bbox 979 2687 1186 2747; x_wconf 82' lang='lat' dir='ltr'><strong>laminae</strong></span> <span class='ocrx_word' id='word_1_219' title='bbox 1216 2689 1489 2766; x_wconf 86' lang='lat' dir='ltr'><strong>superioris</strong></span> <span class='ocrx_word' id='word_1_220' title='bbox 1523 2691 1673 2750; x_wconf 82' lang='lat' dir='ltr'><strong>facies</strong></span> <span class='ocrx_word' id='word_1_221' title='bbox 1702 2696 1937 2768; x_wconf 84' lang='lat' dir='ltr'><strong>interna,</strong></span> <span class='ocrx_word' id='word_1_222' title='bbox 1974 2696 2059 2753; x_wconf 71' lang='lat' dir='ltr'><strong>stu</strong></span> 
     </span>
     <span class='ocr_line' id='line_1_26' title="bbox 117 2786 2065 2870; baseline 0.006 -20"><span class='ocrx_word' id='word_1_223' title='bbox 117 2786 233 2865; x_wconf 72' lang='lat' dir='ltr'><strong>illa,</strong></span> <span class='ocrx_word' id='word_1_224' title='bbox 285 2811 393 2869; x_wconf 85' lang='lat' dir='ltr'><strong>qua</strong></span> <span class='ocrx_word' id='word_1_225' title='bbox 425 2792 654 2853; x_wconf 88' lang='lat' dir='ltr'><strong>inferiori</strong></span> <span class='ocrx_word' id='word_1_226' title='bbox 686 2795 1005 2870; x_wconf 79' lang='lat' dir='ltr'><strong>applicatur,</strong></span> <span class='ocrx_word' id='word_1_227' title='bbox 1055 2799 1162 2857; x_wconf 84' lang='lat' dir='ltr'><strong>aliis</strong></span> <span class='ocrx_word' id='word_1_228' title='bbox 1185 2800 1580 2860; x_wconf 46' lang='lat' dir='ltr'><strong>,membranulis</strong></span> <span class='ocrx_word' id='word_1_229' title='bbox 1610 2792 1955 2861; x_wconf 83' lang='lat' dir='ltr'><strong>concentricis</strong></span> <span class='ocrx_word' id='word_1_230' title='bbox 1996 2803 2065 2861; x_wconf 78' lang='lat' dir='ltr'><strong>ad</strong></span> 
     </span>
     <span class='ocr_line' id='line_1_27' title="bbox 119 2892 2063 2983; baseline 0.004 -22"><span class='ocrx_word' id='word_1_231' title='bbox 119 2917 283 2961; x_wconf 82' lang='lat' dir='ltr'><strong>unam</strong></span> <span class='ocrx_word' id='word_1_232' title='bbox 303 2903 494 2962; x_wconf 84' lang='lat' dir='ltr'><strong>lineam</strong></span> <span class='ocrx_word' id='word_1_233' title='bbox 520 2905 730 2964; x_wconf 85' lang='lat' dir='ltr'><strong>elevatis</strong></span> <span class='ocrx_word' id='word_1_234' title='bbox 748 2906 992 2964; x_wconf 59' lang='lat' dir='ltr'><strong>instruent</strong></span> <span class='ocrx_word' id='word_1_235' title='bbox 1015 2907 1114 2979; x_wconf 87' lang='lat' dir='ltr'><strong>est,</strong></span> <span class='ocrx_word' id='word_1_236' title='bbox 1156 2926 1278 2983; x_wconf 80' lang='lat' dir='ltr'><strong>quae</strong></span> <span class='ocrx_word' id='word_1_237' title='bbox 1303 2892 1684 2969; x_wconf 81' lang='lat' dir='ltr'><strong>membranulae</strong></span> <span class='ocrx_word' id='word_1_238' title='bbox 1713 2912 2063 2970; x_wconf 84' lang='lat' dir='ltr'><strong>concentricae</strong></span> 
     </span>
    </p>

    <p class='ocr_par' dir='ltr' id='par_1_4' title="bbox 1027 3014 1980 3096">
     <span class='ocr_line' id='line_1_28' title="bbox 1027 3014 1980 3096; baseline 0.008 -26"><span class='ocrx_word' id='word_1_239' title='bbox 1027 3014 1063 3070; x_wconf 89' lang='lat' dir='ltr'>S</span> <span class='ocrx_word' id='word_1_240' title='bbox 1848 3038 1980 3096; x_wconf 81' lang='lat' dir='ltr'><strong>prae-</strong></span> 
     </span>
    </p>
   </div>
  </div>
 </body>
</html>
