2513 3435
923 125 1014 180 DE
1080 125 1286 181 Aizco.
2003 147 2081 207 *73

137 266 226 307 me
250 253 408 326 Argo,
451 248 665 305 minime
699 247 840 304 iconi
861 244 965 303 suae
991 245 1078 302 {ed
1100 251 1275 301 lernaeae
1302 248 1483 322 potius
1512 248 1782 321 competit.
1863 247 1977 307 Hac
1998 252 2087 308 ali-

140 372 402 434 quantum
427 356 696 413 meliorem
733 353 878 410 dedit
915 353 1331 426 Arnaovmous,
1373 357 1464 430 qui
1495 355 1782 430 postquam
1818 356 1885 413 de
1922 358 2089 418 tribus

139 470 300 540 leporis
324 472 504 520 marini
529 460 794 534 speciebus
820 479 851 516 a
880 459 1216 517 RoNorrmo
1260 461 1484 520 definitis
1518 462 1734 536 copiosa
1772 463 1890 521 satis
1926 467 2087 524 verba

145 571 334 628 fecisset
353 614 370 642 ‚
411 569 526 625 haec
548 568 764 625 demum
788 567 854 624 de
878 574 1007 646 Argo
1031 569 1214 625 nostro
1235 568 1460 645 profert:
1504 555 1682 626 P⁴raeter
1707 571 1803 626 haec
1823 594 2084 628 commemo-

139 696 254 736 rata
268 698 446 755 genera
471 683 571 731 tria
593 678 696 730 alia
720 683 946 731 novimus
959 719 976 747 ,
1013 698 1164 731 unum
1190 687 1325 747 cujus
1336 684 1752 753 pic‘lmczmprimo
1776 683 1868 734 loco
1896 682 2086 742 damus,

139 791 279 863 lepori
305 785 480 856 tercstri
504 785 648 838 colore
670 780 893 854 &parte
917 790 1150 837 anteriori
1155 787 1308 859 plane
1315 787 1494 852 simile,
1536 786 1638 839 dico
1661 793 1816 860 capite
1851 785 1918 844 ἔθ’·
1955 795 2087 841 auri·

137 895 249 956 bus,
274 894 515 969 posteriore
525 905 673 965 parte
693 891 911 959 informis
934 906 1126 966 apparet
1152 893 1272 967 affl,
1311 913 1483 946 novem
1510 907 1600 946 aut
1633 894 1794 946 decem
1818 894 2087 967 appendici-

137 1001 224 1056 bus
250 1001 410 1070 infine
419 999 650 1073 praeditet.
730 1003 838 1052 Hoc
878 1020 1052 1053 verum
1085 1002 1279 1075 leporem
1323 1008 1634 1077 antiquorum
1668 1002 1891 1072 exstimo.
1962 998 2082 1056 No-

137 1127 257 1167 vem
282 1105 380 1162 illae
402 1118 493 1162 aut
518 1105 702 1161 decem
727 1107 1045 1180 appendices
1065 1106 1132 1162 ab
1157 1107 1524 1164 ALDRovANoo
1549 1107 1605 1163 in
1626 1106 1721 1163 suo
1746 1107 1959 1164 animali
1981 1107 2083 1165 ob-

138 1217 349 1274 servatae
369 1217 487 1270 stine
513 1212 644 1268 nihil
669 1211 812 1269 aliud
835 1211 928 1270 effe
953 1213 1230 1285 videntur,
1260 1232 1425 1289 quam
1451 1221 1575 1291 Argi
1595 1213 1758 1270 nostri
1783 1214 2082 1290 pulmoneS,

138 1339 277 1398 quos
300 1319 469 1376 solum
492 1320 587 1377 sub
606 1323 912 1396 appendicum
936 1323 1156 1380 nomine
1178 1321 1313 1378 recle
1337 1321 1648 1393 adnotavit3
1671 1335 1916 1380 caeterum
1941 1324 2084 1380 enim

139 1430 249 1488 hoc
270 1428 577 1485 animalium
602 1446 769 1503 genus
801 1448 1018 1486 erronee
1047 1451 1220 1488 verum
1254 1434 1447 1504 leporem
1481 1438 1792 1507 antiquorum
1827 1432 2081 1488 existima-

140 1538 247 1607 vit,
287 1548 345 1591 ut
371 1554 433 1592 ex
456 1532 697 1605 praesenti
722 1535 1077 1611 qualicunque
1104 1545 1225 1613 Argi
1259 1538 1316 1593 &
1350 1542 1524 1592 lernaeae
1548 1538 1679 1612 Cap.
1706 1539 1741 1592 Ι.
1787 1536 2083 1614 descriptio·

136 1662 205 1701 ne
226 1642 374 1700 facile
406 1642 622 1715 intelligi
651 1644 836 1718 potest.
917 1642 1054 1701 Illud
1087 1659 1338 1718 praeterea
1374 1647 1654 1721 concipere
1682 1641 1933 1720 {nequeo²
1976 1663 2083 1720 qua

140 1753 346 1810 ratione
377 1757 594 1826 Argum,
638 1767 797 1824 quem
828 1763 1008 1807 tamen
1043 1752 1076 1808 fi
1115 1753 1278 1810 ullum
1321 1753 1463 1810 aliud
1494 1754 1685 1810 animal
1732 1772 1860 1810 mox
1897 1755 2083 1811 citatus

142 1860 343 1916 Αυξῒοῑ·
379 1856 662 1914 describere
694 1856 927 1927 Videtur,
978 1863 1122 1914 colore
1163 1861 1230 1919 ἐφ’
1259 1878 1409 1937 parte
1444 1868 1675 1916 anteriori
1711 1863 1849 1936 lepori
1885 1863 2084 1933 terrestri

126 1972 275 2047 plane
282 1969 480 2037 stmilem
501 1968 582 2038 effe’
601 1964 793 2021 afferat.
836 1968 1029 2043 Qum
1053 1983 1180 2023 vero
1205 1966 1263 2022 in
1290 1968 1541 2025 omnibus
1565 1981 1624 2026 ut
1635 1968 1923 2042 plurimum
1938 1969 2085 2025 RON-

142 2094 393 2133 DELETmM
427 2074 713 2129 immitatus
757 2072 815 2129 fit
852 2075 1273 2145 ALDROVANDUS,
1316 2076 1472 2150 hujus
1504 2089 1680 2133 autem
1718 2077 1943 2152 Zoophyti
1976 2078 2084 2134 ico-

139 2201 263 2239 nem
291 2178 436 2252 apud
463 2178 605 2233 illurn
636 2174 1182 2253 nondeprehenderit
1193 2199 1211 2248 3
1251 2182 1394 2237 venit
1432 2177 1486 2238 in
1523 2195 1756 2239 mentem
1796 2184 2083 2257 cogitatio:

140 2289 293 2364 quod
313 2288 406 2344 Vir
428 2286 514 2342 hic
543 2268 799 2343 scribendi
823 2285 1134 2344 avidiffimus
1171 2286 1253 2345 ‘vel
1285 2294 1471 2365 Argum
1496 2284 1712 2361 siccum,
1755 2292 1898 2364 cujus
1934 2292 2084 2348 color

139 2399 446 2454 immutatus
470 2408 606 2464 erat,
650 2394 1041 2457 examinaverit,
1084 2394 1165 2452 vel
1184 2394 1254 2452 'ad
1277 2394 1583 2455 relationem
1604 2396 1917 2472 pileatorum
1941 2397 2085 2455 illum

142 2502 398 2560 delineare
432 2503 702 2560 curaverit.
774 2500 936 2559 Unde
958 2518 1075 2561 non
1100 2501 1319 2574 mirum,
1346 2503 1499 2579 quod
1522 2522 1769 2563 mancam
1795 2507 1900 2580 ejus
1930 2504 2084 2563 histo-

144 2612 275 2667 riam
300 2609 595 2665 exaraverit.

396 2716 715 2786 JONsToNUM
738 2732 866 2774 vero
892 2714 999 2772 hoc
1024 2716 1218 2774 animal
1242 2719 1470 2774 omnino
1492 2733 1609 2774 non
1634 2716 1835 2788 vidiffe,
1873 2715 1959 2774 sed
1981 2720 2085 2792 ejus

146 2823 368 2894 figuram
397 2821 655 2879 duntaxat
680 2841 742 2881 ex
761 2822 1133 2880 ALDROVANDO
1162 2822 1481 2900 desumpsisse
1520 2826 1670 2899 ideo,
1715 2827 1838 2901 quia
1875 2826 2085 2882 Armao-

148 2949 346 2986 VANDUS
374 2928 545 2988 hocce
579 2930 774 2987 animal
819 2951 994 2987 verum
1028 2937 1223 3008 leporem
1259 2939 1591 3010 Antiquarum
1624 2935 1959 3004 existimavit,
2005 2932 2086 2989 Vel

1149 3039 1203 3094 K
1944 3041 2017 3097 in„
