2513 3435
235 2540 273 2548 Ι

370 119 442 168 52
768 99 769 102 ’
1183 89 1410 147 CAPUT
1454 91 1495 150 1„

621 220 684 277 In
719 215 881 273 Indiis
933 212 1138 276 fortiori
1174 229 1385 270 veneno
1420 210 1699 286 gravidum
1737 209 1831 269 effe
1863 209 1974 269 hoc
2010 213 2317 274 animalium
2352 276 2357 278 ,

370 346 537 404 genus
567 327 765 383 Auditor
809 322 880 380 est
916 321 1135 404 PuNrus,
1215 319 1393 397 Qod
1420 320 1557 376 tecla
1590 320 1798 378 ratione
1831 317 1981 376 haud
2003 319 2060 375 in
2091 320 2318 381 dubium

371 435 677 492 vocandum
699 431 795 490 est:
838 429 1092 505 fiquidem
1113 427 1181 486 de
1209 427 1420 503 scorpio
1443 427 1511 484 (Ἴ
1545 427 1602 486 &
1628 426 1735 485 aliis
1755 426 2067 486 animalibus
2096 444 2320 488 venena-

370 544 434 598 tis
469 555 615 598 certo
650 539 887 608 constat,
939 538 1059 594 haec
1092 555 1158 593 eo
1194 536 1400 593 fortiori
1433 553 1646 594 veneno
1690 535 1913 607 scatere,
1956 553 2070 610 quo
2112 537 2166 595 in
2199 538 2319 596 cali-

371 649 506 705 diori
538 648 779 722 Regione
800 645 1062 702 habitant.
1146 643 1324 720 Qod
1349 657 1528 701 autem
1551 645 1608 701 in
1631 643 1794 702 Indiis
1816 648 1943 720 lepus
1969 650 2188 700 marinus
2213 664 2320 703 ma-

368 776 443 813 nu
480 756 713 812 humana
742 754 908 810 tacius
948 765 1155 827 pereat,
1207 764 1266 808 ut
1303 769 1526 828 quoque
1554 751 1972 810 Pimmsrrefert:
2023 771 2141 809 non
2170 763 2323 810 tanta

365 864 468 921 fide
489 864 710 938 dignum
737 859 957 918 videtur.
1037 844 1234 916 Saltem
1255 841 1476 918 initalia
1501 862 1558 919 id
1583 877 1866 936 nunquam
1889 859 2094 918 accidit.
2175 858 2320 916 Nam

370 984 648 1047 quotquot
677 968 854 1045 accepi
881 967 947 1025 de
975 967 1053 1024 his
1078 967 1422 1040 animalibuS,
1463 987 1629 1026 manu
1655 967 1976 1045 piscatorum
2003 979 2157 1041 capta
2182 966 2322 1038 sunt,

370 1078 426 1135 ὃς
467 1097 569 1152 ego
608 1078 856 1149 deinceps
895 1075 1091 1133 centies
1124 1075 1207 1132 illa
1246 1077 1425 1151 tetigi²
1467 1049 1929 1163 absque’lminimo
1963 1074 2074 1150 ipsis
2106 1073 2323 1131 cauiato

370 1186 529 1243 malo·
605 1186 807 1258 Aptum
829 1183 1172 1241 nihilominus
1197 1182 1502 1258 symbolum
1530 1182 1822 1241 Pictotibus
1859 1183 1929 1240 est
1956 1187 2082 1259 lepus
2107 1189 2325 1238 marinus

377 1312 538 1351 manu
577 1292 815 1348 humana
852 1293 1045 1361 tacius,
1100 1310 1215 1366 quo
1250 1304 1435 1349 mutua
1472 1290 1668 1348 damna
1700 1291 1954 1348 indicanti
2051 1289 2196 1348 Nam
2237 1290 2323 1348 etsi

377 1400 552 1457 homo
578 1400 718 1456 taclu
747 1400 872 1455 huic
907 1399 1118 1454 animali
1149 1398 1286 1456 illico
1327 1416 1446 1456 non
1477 1409 1703 1468 noceat,
1743 1409 1980 1454 attamen
2027 1397 2121 1471 ipsi
2159 1397 2324 1457 vitam

379 1526 478 1582 pro
502 1507 673 1564 lubitu
695 1506 895 1563 auferre
919 1505 1092 1579 valet3
1129 1508 1278 1581 lepus
1299 1524 1427 1565 vero
1453 1506 1729 1565 hominem
1774 1504 1947 1577 laedit,
1988 1503 2326 1563 tumefacien-

379 1615 454 1673 do
477 1631 698 1671 manum
725 1614 847 1686 ejus,

632 1720 786 1796 de
820 1739 861 1776 e.
897 1740 948 1794 g.
983 1720 1129 1791 cani,
1170 1716 1253 1775 feli
1294 1725 1387 1777 aut
1422 1719 1532 1778 aliis
1563 1719 1882 1798 animalibus
1910 1718 2044 1775 boni
2090 1718 2171 1778 vel
2202 1720 2322 1779 mali

375 1826 575 1898 causet,
617 1825 847 1900 experire
869 1828 1052 1898 nolui,
1091 1844 1213 1883 cum
1238 1825 1378 1884 idem
1402 1827 1458 1887 in
1479 1827 1703 1883 homine
1741 1827 1875 1896 fieri,
1916 1827 1973 1882 in
2010 1829 2159 1900 cujus
2191 1828 2328 1886 utili·

377 1949 539 1992 tatem
573 1935 747 1992 omnis
783 1934 960 1990 nostra
1002 1950 1164 2008 opera
1210 1929 1536 1991 conferenda
1570 1931 1671 2003 est,
1711 1948 1828 1988 non
1860 1933 1997 1989 reela
2024 1932 2115 1990 fiat
2145 1935 2326 1994 illati0.

378 2042 522 2099 Nam
555 2058 671 2096 non
697 2042 752 2096 in
778 2041 1028 2098 omnibus
1055 2040 1370 2097 animalibus
1392 2040 1460 2098 ab
1486 2038 1750 2116 assumptis
1775 2040 1914 2099 idem
1949 2040 2179 2114 sequitur
2203 2040 2326 2101 effe-

381 2150 517 2219 nus,
560 2148 646 2204 {ed
672 2166 793 2222 quae
816 2148 1024 2203 homini
1048 2146 1303 2220 prosunt,
1347 2147 1464 2206 cani
1493 2148 1573 2205 vel
1607 2146 1712 2204 alio
1741 2148 1955 2205 animali
1997 2163 2231 2221 nocent,
2268 2151 2327 2208 ὅτ.

385 2259 492 2314 vice
520 2255 675 2313 Versu,
749 2253 936 2312 Solum
973 2260 1198 2327 Malum,
1238 2255 1334 2331 qui
1368 2259 1514 2331 trzglcz
1547 2263 1702 2332 capite
1724 2257 1917 2332 glabre,
1957 2263 2102 2312 cirris
2121 2266 2327 2334 geminis

379 2371 437 2419 in
470 2369 676 2420 maxilla
713 2365 937 2434 infiriore
972 2363 1189 2418 ARTEDH
1235 2364 1306 2420 est
1331 2408 1349 2435 ‚
1409 2368 1552 2439 lepore
1587 2371 1774 2418 marino
1788 2369 1892 2431 fine
1913 2372 2128 2439 pernicie
2163 2368 2329 2440 vest-i.-

388 2471 754 2553 Rou'mttnus
775 2467 943 2526 refert.
1023 2469 1153 2526 Haec
1178 2470 1234 2525 &
1259 2470 1353 2524 alia
1372 2469 1520 2544 plura
1543 2470 1610 2526 de
1634 2473 1806 2525 lernaea
1835 2470 1963 2527 scitu
1993 2470 2155 2546 digna
2178 2483 2332 2550 expe-

386 2578 471 2635 riri
493 2581 692 2652 potest,
732 2578 1043 2652 quicunque
1072 2577 1139 2633 ad
1167 2595 1308 2633 mare
1333 2577 1774 2634 mediterraneum
1799 2577 2022 2633 habitat.

641 2687 790 2741 Dum
811 2684 1223 2761 manuscriptum
1262 2684 1525 2759 praesentis
1560 2683 1795 2760 opusculi
1827 2685 2208 2759 Typographo
2244 2663 2331 2746 ex-¹

387 2793 570 2851 hibere
593 2792 848 2851 voluerim
866 2835 882 2861 ‚
922 2790 990 2850 ab
1015 2792 1207 2849 eodem
1230 2793 1311 2850 Cl.
1339 2791 1536 2848 L1NNAE1
1563 2791 1823 2849 decimam
1860 2792 2145 2866 systematis
2169 2808 2330 2859 natu,-

2183 2920 2254 2960 rae
2307 2936 2311 2938 -

524 3026 593 3080 (⁴)
624 3032 761 3071 Mimo,
790 3030 916 3070 Tra&-
944 3030 992 3071 de
1014 3032 1194 3073 venenis.
1252 3054 1267 3061 ·-
