2513 3435
891 80 988 139 DE
1048 77 1354 135 F1MBR1A.
1469 42 1471 45 Ι
2034 102 2104 164 ς9

144 205 298 266 malia
326 203 514 261 cuncta
544 204 700 260 etiam
734 199 1127 260 venenatissima
1162 201 1379 288 innexie
1404 197 1752 272 assumantur,
1791 202 1825 259 fi
1855 207 1994 280 prius
2019 228 2105 267 eo.

147 332 264 370 rum
291 309 601 370 veneniferae
638 323 814 384 partes
861 309 1048 365 ablatae
1083 309 1210 379 fint,
1250 309 1402 384 quod
1436 312 1733 385 viperarum
1770 312 2103 392 aliorumque

147 421 449 494 serpentum
487 418 605 476 usus
651 418 865 475 abunde
901 416 1241 474 demonstrat.
1323 418 1440 474 Imo
1480 417 1633 489 sunt,
1672 420 1762 494 qui
1797 420 2099 497 asseverant,

147 531 396 588 inutiliter
445 528 554 585 hoc
592 525 763 583 modo
793 526 1103 598 praecaveri3
1144 543 1265 582 cum
1312 526 1551 584 animalia
1595 545 1805 585 veneno
1848 528 2097 591 scatentia

145 656 263 696 non
288 638 378 694 nifi
400 638 546 705 viva,
588 647 751 708 atque
774 646 889 690 tum
917 632 1161 705 demum,
1205 633 1339 692 dum
1366 637 1437 692 ira
1461 634 1663 693 incenia
1697 634 1848 708 sunt,
1888 637 2099 698 homini

143 763 338 803 nocere
371 740 526 819 posse.
619 739 917 797 Dificilioris
952 740 1297 797 nihilominus
1337 739 1640 815 digestionis
1684 747 1946 805 Fimbriam
1983 746 2100 808 fore

147 852 222 911 ob
244 849 493 910 fibrosam
525 852 629 927 ejus
650 864 969 923 compagem
1002 847 1189 907 lubens
1209 847 1453 908 admitto.

969 1035 1034 1124 ς.
1101 1035 1266 1113 Vll.

146 1202 457 1362 Quibus
478 1219 599 1261 cum
620 1200 845 1258 historiae
864 1200 1115 1259 naturalis
1143 1199 1481 1276 scriptoribus
1524 1198 1840 1263 familiaritas
1877 1206 1977 1279 est,
2020 1207 2096 1266 fa-

337 1311 430 1368 cile
452 1310 742 1386 intelligent
767 1326 852 1365 me
875 1327 1081 1367 novum
1108 1307 1366 1366 duntaxat
1391 1327 1593 1366 nomen
1624 1311 1856 1385 adjecisse
1890 1314 1959 1371 illi
1983 1317 2094 1374 ani·

145 1421 301 1491 mali,
345 1418 500 1495 quod
526 1417 656 1474 olim
683 1436 712 1473 a
743 1416 1108 1487 Romnum,
1149 1417 1190 1472 F
1194 1437 1308 1473 Amo
1335 1418 1604 1475 COLUMNA
1638 1419 1695 1476 &
1721 1420 2093 1482 ALDROVANDO

142 1527 239 1585 sub
265 1529 413 1584 tertia
436 1529 597 1601 leporis
624 1532 804 1579 marini
830 1526 992 1601 specie
1033 1523 1349 1599 descriptum
1387 1526 1471 1582 est.
1546 1527 1642 1584 Ob
1687 1527 1744 1585 id
1775 1542 1956 1588 tamen
1992 1531 2093 1588 fils:

138 1635 433 1708 ceptum'in
455 1652 540 1689 me
560 1633 767 1689 huncce
789 1632 1027 1689 laborem
1055 1638 1233 1690 meum
1255 1634 1470 1691 minime
1492 1635 1839 1696 frustraneum
1876 1638 1970 1698 effe
1993 1656 2092 1714 pu-

141 1758 203 1800 to
231 1747 259 1814 ‚³1
309 1760 431 1799 cum
467 1743 591 1816 quia
627 1741 897 1797 meliorem
930 1738 1143 1813 hujusce
1180 1742 1413 1827 animalis
1445 1742 1667 1817 figuram
1704 1744 1828 1802 dare
1864 1760 2091 1806 conatus

139 1848 284 1918 sum3
326 1862 442 1906 tum
481 1865 608 1905 vero
642 1849 766 1924 quia
801 1862 1005 1906 naturae
1037 1848 1245 1908 curiosis
1270 1850 1492 1922 planum
1517 1849 1686 1909 facere
1722 1853 1893 1917 volui,
1935 1856 2090 1929 quod

141 1957 283 2015 aliud
310 1957 539 2013 omnino
577 1957 882 2015 animalium
915 1975 1081 2033 genus
1125 1957 1183 2013 fit
1208 2002 1224 2029 ,
1294 1977 1455 2033 quam
1495 1960 1638 2018 citati
1679 1963 1933 2021 Auctores
1987 1982 2092 2023 nos

140 2064 441 2121 docuerint.
521 2067 657 2144 Qo
684 2078 860 2123 autem
884 2064 1068 2124 clarius
1091 2066 1277 2124 veritas
1302 2067 1454 2141 hujus
1476 2066 1637 2125 afferti
1659 2070 1937 2144 elucescat,
1961 2089 2094 2129 con-

140 2175 316 2230 venit:
359 2184 417 2226 ut
435 2171 696 2229 nonnulla
723 2171 1384 2247 praefatorumAuftorum
1408 2175 1569 2232 verba
1589 2178 1868 2234 adducam.
1943 2178 2092 2236 RON-

142 2300 372 2337 DeLfiTms
401 2281 471 2335 (⁸)
494 2278 761 2354 sequentia
785 2278 1014 2356 profert:
1061 2285 1274 2338 Tertiam
1290 2303 1443 2356 genus
1478 2287 1641 2360 leporis
1677 2288 2087 2359 marinifhbstan-

140 2398 217 2445 tia
256 2390 445 2444 viribus
485 2385 552 2446 ὧ
566 2390 909 2458 fizcultatibus
922 2394 1078 2459 fhnile
1109 2393 1203 2463 est,
1253 2413 1403 2468 quam
1442 2393 1494 2446 ob
1525 2397 1722 2467 comstzm
1758 2403 1882 2449 inter
1919 2400 2088 2472 lepores

138 2504 348 2552 marinos
372 2499 725 2552 numerandum
747 2499 997 2554 duximus.
1077 2499 1154 2557 EX
1188 2500 1269 2557 his
1293 2502 1403 2574 jam
1429 2514 1612 2574 patet:
1654 2521 1744 2560 cur
1777 2504 1970 2559 animal
1993 2522 2090 2561 no-

141 2605 306 2661 strum
334 2604 692 2663 Romu-mnus
716 2611 910 2683 leporem
944 2615 1187 2665 marinum
1218 2609 1569 2682 appellaverit.
1656 2612 1804 2686 Qia
1839 2613 2088 2670 nimirum

125 2698 406 2788 fitbstantia
433 2714 625 2768 viribus
648 2714 1056 2785 &facultatibus
1076 2734 1198 2774 cum
1224 2716 1331 2773 hoc
1355 2719 1642 2775 convenire
1677 2719 1765 2794 ipsi
1797 2720 2086 2777 videbatur.

143 2823 330 2902 Qam
358 2820 597 2880 imbecilli
620 2840 746 2881 vero
770 2820 1124 2883 fundamento
1159 2823 1213 2881 hi
1249 2826 1566 2887 characteres
1599 2830 1825 2905 generici
1859 2830 2089 2888 innitan-

1112 2933 1164 2991 H
1205 2956 1240 2996 2
1907 2952 2011 3010 tur,

291 3024 360 3079 (’)
398 3026 489 3080 Cap.
517 3028 582 3067 XI.
611 3029 719 3069 tertia
742 3030 881 3084 leporis
905 3031 1043 3071 marini
1068 3027 1216 3085 species.
