2513 3435
443 132 509 186 gg
1224 107 1454 166 Caper
1517 106 1621 165 IV.

447 239 689 297 intestina
714 250 882 304 caeca,
924 229 1082 291 veluti
1109 234 1163 288 in
1191 227 1413 305 piscibus
1437 229 1495 285 &
1519 231 1574 285 in
1612 245 1729 286 non
1761 228 1914 286 nullis
1952 227 2178 294 inseetis,
2221 229 2394 304 efl‘ent,

447 346 565 404 haec
589 343 728 402 enim
756 342 907 400 omni
930 341 1056 398 anni
1081 350 1324 412 tempore
1346 333 1604 411 aequalem
1636 335 2018 395 dimensionem
2045 334 2265 395 servant.

702 449 795 506 His
819 450 998 523 itaque
1023 444 1355 503 consideratis
1382 443 1644 500 rationem
1666 442 1856 519 affequi
1880 442 2011 499 mihi
2032 443 2277 501 videbar:
2303 462 2393 503 cur

448 561 629 632 Hydra
676 574 792 613 non
831 556 1002 611 solum
1038 553 1305 615 ovarium,
1346 552 1505 609 veluti
1545 551 1701 626 pisces
1743 551 1950 626 aliaque
1994 551 2267 622 animalia,
2306 551 2394 611 sed

446 668 603 724 etiam
627 677 806 721 totum
830 661 1199 719 intestinorum
1221 658 1442 716 tractum
1467 659 1623 732 eique
1655 657 1883 717 adnexas
1916 671 2091 732 partes
2131 672 2390 717 excernat.

446 775 624 847 Atque
646 771 869 828 eandem
893 770 1154 827 rationem
1175 766 1392 842 quilibet
1415 764 1560 824 facile
1581 765 1881 843 perspiciet,
1913 766 2002 840 qui
2029 783 2237 824 mecum
2261 783 2393 824 con-

446 880 713 938 fiderabit:
755 877 906 953 quod
928 873 1179 932 consueta
1198 886 1401 932 naturae
1436 876 1549 945 via,
1590 891 1681 950 per
1720 889 1881 949 quam
1917 876 2127 944 ovaria,
2173 873 2255 931 vel
2287 891 2393 933 ova

444 1000 537 1046 aut
560 986 647 1062 ipfi
669 985 820 1042 faetus
850 983 1230 1052 excluduntur,
1268 981 1423 1038 vulva
1447 981 1532 1053 fit,
1555 981 1636 1039 vel
1659 997 1821 1049 anus·;
1863 979 2059 1037 deinde
2080 981 2235 1054 quod
2259 998 2387 1039 ova-

444 1097 580 1152 rium
602 1096 782 1167 &dm
810 1110 979 1168 prope
1000 1108 1062 1148 os
1086 1089 1238 1145 fitum
1262 1088 1346 1160 fit3
1389 1088 1620 1162 denique
1640 1087 1795 1161 quod
1818 1089 1871 1144 in
1892 1087 2139 1143 intestino
2176 1090 2283 1162 ejus
2316 1105 2389 1145 re-

443 1203 529 1260 &0
553 1202 695 1258 nulla
719 1199 986 1272 peculiaris
1011 1208 1295 1275 appertura
1326 1212 1430 1270 pro
1472 1194 1612 1251 exitu
1644 1195 1807 1253 ovarii
1841 1194 2172 1260 observetur,
2211 1212 2389 1270 neque

444 1309 559 1366 talis
580 1306 891 1367 extrinsecus
914 1309 967 1362 in
990 1304 1175 1362 vicinia
1201 1305 1291 1360 ani
1308 1316 1572 1363 occurrat.

698 1415 774 1470 Ut
810 1413 989 1486 itaque
1024 1410 1212 1483 species
1252 1413 1432 1484 Hydrae
1474 1407 1903 1479 conservaretur,
1943 1407 2136 1483 placuit
2168 1408 2387 1467 Auctori

445 1535 676 1592 naturae,
720 1519 1019 1577 distinctum
1043 1529 1166 1573 toto
1190 1516 1322 1574 caelo
1354 1514 1680 1590 parturiendi
1708 1515 1937 1572 modum
1967 1518 2022 1572 in
2052 1517 2238 1574 nostro
2269 1523 2388 1572 Ζορ-

427 1630 575 1707 phyto
600 1629 832 1685 statuere.
913 1625 988 1681 Ut
1013 1624 1261 1681 nimirum
1285 1625 1389 1696 ejus
1416 1624 1715 1680 intestinum
1739 1624 1936 1679 rectum
1961 1599 2069 1679 una
2102 1642 2225 1679 cum
2257 1622 2387 1680 aeso-

440 1737 624 1812 phago
650 1735 791 1810 prius
815 1752 845 1790 a
879 1750 1019 1788 nexu
1062 1731 1157 1787 suo
1190 1728 1449 1802 solvatur,
1489 1750 1517 1788 e
1553 1748 1778 1805 corpore
1813 1731 2066 1804 ejiciatur,
2107 1743 2268 1805 atque
2311 1731 2385 1788 ita

442 1844 604 1900 libera
630 1842 815 1899 ovario
841 1841 922 1898 via
941 1851 1136 1912 pateat.
1210 1838 1384 1894 Arrisit
1408 1838 1582 1894 haecce
1605 1836 1869 1911 singularis
1912 1835 2264 1910 phaenomeni
2299 1855 2386 1894 ex-

439 1949 658 2023 plicatio
679 1966 745 2004 eo
772 1947 968 2019 magia,
1016 1962 1135 2001 cum
1158 1941 1304 2000 fimul
1337 1961 1603 2001 cernerem
1640 1944 1865 2014 hydram
1898 1943 1952 2000 id
1991 1961 2111 2000 curn
2147 1944 2384 2017 plurimis

438 2056 635 2113 insectis
669 2071 956 2111 commune
992 2044 1220 2122 habere,
1291 2050 1446 2127 quod
1481 2050 1549 2108 ad
1587 2052 2035 2123 propagationem
2071 2048 2147 2106 fixi
2181 2051 2382 2125 generis

439 2168 652 2239 propria
677 2163 781 2219 vita
811 2161 1053 2234 privetur.
1138 2158 1284 2215 Nam
1305 2159 1507 2233 absque
1539 2156 1788 2212 intestinis
1807 2156 1969 2211 ullum
2000 2157 2192 2213 animal
2213 2159 2384 2215 vivere

438 2272 578 2347 poss'e
602 2267 922 2326 notissimum
949 2267 1046 2323 est:
1088 2283 1251 2341 quare
1287 2265 1460 2322 nullus
1506 2263 1856 2332 dubitabam,
1898 2264 2124 2333 Hydram
2160 2265 2215 2320 in
2248 2266 2380 2321 mari

436 2378 776 2435 constitutam
799 2374 982 2431 eadem
1021 2391 1244 2447 quoque
1287 2371 1613 2445 proprietate
1645 2368 1904 2444 gaudere,
1943 2382 2105 2443 atque
2137 2371 2379 2428 intestina

436 2503 557 2543 cum
582 2483 767 2542 ovario
796 2497 1099 2551 excernere,
1141 2496 1259 2536 non
1287 2477 1427 2535 secus
1452 2495 1514 2534 ac
1538 2475 1595 2533 id
1625 2448 1787 2549 ipsam
1812 2487 1956 2532 extra
1974 2494 2117 2532 mare
2148 2476 2377 2550 positam

435 2592 605 2649 facere
628 2589 912 2648 observavi.
1157 2583 1160 2586 ’

688 2696 778 2753 Ast
800 2695 1082 2769 postquam
1109 2692 1272 2767 paulo
1296 2691 1449 2751 serius
1481 2693 1536 2748 in
1570 2703 1801 2748 mentem
1835 2687 2182 2761 revocassem,
2226 2690 2382 2766 quod

434 2803 619 2862 Mense
645 2804 883 2879 Augusto
911 2821 1055 2860 nova
1078 2802 1382 2860 ovariorum
1401 2799 1658 2873 principia
1678 2800 1734 2854 in
1775 2796 1984 2854 dissenis
2009 2796 2244 2872 pluribus
2270 2803 2377 2870 Hy-

431 2916 533 2968 drz’s
560 2913 877 2983 invenerim,
917 2910 1210 2968 constitutis
1238 2906 1430 2964 eodem
1451 2904 1663 2978 prorsus
1686 2903 1857 2962 modo
1895 2920 2073 2961 earum
2108 2905 2379 2976 intestiniS,

2173 3028 2290 3084 cep-
