<?xml version="1.0" encoding="UTF-8"?>
<!DOCTYPE html PUBLIC "-//W3C//DTD XHTML 1.0 Transitional//EN"
    "http://www.w3.org/TR/xhtml1/DTD/xhtml1-transitional.dtd">
<html xmlns="http://www.w3.org/1999/xhtml" xml:lang="en" lang="en">
 <head>
  <title>
</title>
<meta http-equiv="Content-Type" content="text/html;charset=utf-8" />
  <meta name='ocr-system' content='tesseract 3.04.00' />
  <meta name='ocr-capabilities' content='ocr_page ocr_carea ocr_par ocr_line ocrx_word'/>
</head>
<body>
  <div class='ocr_page' id='page_1' title='image "./dequibusdamanima00boh_0043.png"; bbox 0 0 2513 3435; ppageno 0'>
   <div class='ocr_carea' id='block_1_1' title="bbox 929 115 2115 201">
    <p class='ocr_par' dir='ltr' id='par_1_1' title="bbox 929 115 2115 201">
     <span class='ocr_line' id='line_1_1' title="bbox 929 115 2115 201; baseline 0.001 -28"><span class='ocrx_word' id='word_1_1' title='bbox 929 115 1024 174; x_wconf 72' lang='lat' dir='ltr'><strong>Da</strong></span> <span class='ocrx_word' id='word_1_2' title='bbox 1065 116 1358 176; x_wconf 70' lang='lat' dir='ltr'>LERNAEA.</span> <span class='ocrx_word' id='word_1_3' title='bbox 1430 119 1444 138; x_wconf 80' lang='grc'><strong>·’</strong></span> <span class='ocrx_word' id='word_1_4' title='bbox 2047 142 2115 201; x_wconf 87' lang='lat'><strong>19</strong></span> 
     </span>
    </p>
   </div>
   <div class='ocr_carea' id='block_1_2' title="bbox 144 235 2116 2998">
    <p class='ocr_par' dir='ltr' id='par_1_2' title="bbox 157 235 2112 637">
     <span class='ocr_line' id='line_1_2' title="bbox 157 235 2108 321; baseline 0.001 -22"><span class='ocrx_word' id='word_1_5' title='bbox 157 240 404 299; x_wconf 70' lang='lat' dir='ltr'><strong>cavimus.</strong></span> <span class='ocrx_word' id='word_1_6' title='bbox 491 239 637 321; x_wconf 21' lang='lat' dir='ltr'><strong>Cum·</strong></span> <span class='ocrx_word' id='word_1_7' title='bbox 661 253 787 296; x_wconf 90' lang='lat' dir='ltr'><strong>vero</strong></span> <span class='ocrx_word' id='word_1_8' title='bbox 813 236 1060 314; x_wconf 83' lang='lat' dir='ltr'><strong>deinceps</strong></span> <span class='ocrx_word' id='word_1_9' title='bbox 1085 237 1237 296; x_wconf 68' lang='lat' dir='ltr'><strong>senus</strong></span> <span class='ocrx_word' id='word_1_10' title='bbox 1275 235 1657 312; x_wconf 85' lang='lat' dir='ltr'><strong>perpenderem</strong></span> <span class='ocrx_word' id='word_1_11' title='bbox 1695 235 1855 296; x_wconf 71' lang='lat' dir='ltr'><strong>dictas</strong></span> <span class='ocrx_word' id='word_1_12' title='bbox 1903 246 2108 315; x_wconf 89' lang='lat' dir='ltr'><strong>portio-</strong></span> 
     </span>
     <span class='ocr_line' id='line_1_3' title="bbox 159 344 2112 423; baseline 0 -17"><span class='ocrx_word' id='word_1_13' title='bbox 159 366 252 406; x_wconf 87' lang='lat' dir='ltr'><strong>nes</strong></span> <span class='ocrx_word' id='word_1_14' title='bbox 286 347 459 421; x_wconf 87' lang='lat' dir='ltr'><strong>plures</strong></span> <span class='ocrx_word' id='word_1_15' title='bbox 489 344 609 415; x_wconf 72' lang='lat' dir='ltr'><strong>ess‘e‘,</strong></span> <span class='ocrx_word' id='word_1_16' title='bbox 661 362 854 419; x_wconf 88' lang='lat' dir='ltr'><strong>easque</strong></span> <span class='ocrx_word' id='word_1_17' title='bbox 893 362 1080 403; x_wconf 90' lang='lat' dir='ltr'><strong>omnes</strong></span> <span class='ocrx_word' id='word_1_18' title='bbox 1121 345 1346 404; x_wconf 88' lang='lat' dir='ltr'><strong>eandem</strong></span> <span class='ocrx_word' id='word_1_19' title='bbox 1381 344 1860 420; x_wconf 85' lang='lat' dir='ltr'><strong>configurationem</strong></span> <span class='ocrx_word' id='word_1_20' title='bbox 1898 347 2112 423; x_wconf 85' lang='lat' dir='ltr'><strong>habere,</strong></span> 
     </span>
     <span class='ocr_line' id='line_1_4' title="bbox 160 430 2111 527; baseline 0.003 -15"><span class='ocrx_word' id='word_1_21' title='bbox 160 468 342 512; x_wconf 90' lang='lat' dir='ltr'><strong>ortum</strong></span> <span class='ocrx_word' id='word_1_22' title='bbox 369 455 440 511; x_wconf 90' lang='lat' dir='ltr'><strong>est</strong></span> <span class='ocrx_word' id='word_1_23' title='bbox 460 455 516 509; x_wconf 88' lang='lat' dir='ltr'><strong>in</strong></span> <span class='ocrx_word' id='word_1_24' title='bbox 547 465 723 509; x_wconf 87' lang='lat' dir='ltr'><strong>mente</strong></span> <span class='ocrx_word' id='word_1_25' title='bbox 759 430 875 508; x_wconf 88' lang='lat' dir='ltr'><strong>mea</strong></span> <span class='ocrx_word' id='word_1_26' title='bbox 908 451 1164 523; x_wconf 86' lang='lat' dir='ltr'><strong>dubium,</strong></span> <span class='ocrx_word' id='word_1_27' title='bbox 1207 451 1361 526; x_wconf 89' lang='lat' dir='ltr'><strong>quod</strong></span> <span class='ocrx_word' id='word_1_28' title='bbox 1394 450 1490 508; x_wconf 86' lang='lat' dir='ltr'><strong>illae</strong></span> <span class='ocrx_word' id='word_1_29' title='bbox 1525 453 1850 527; x_wconf 83' lang='lat' dir='ltr'><strong>cartilagines</strong></span> <span class='ocrx_word' id='word_1_30' title='bbox 1881 457 2111 517; x_wconf 89' lang='lat' dir='ltr'><strong>omnino</strong></span> 
     </span>
     <span class='ocr_line' id='line_1_5' title="bbox 162 544 1841 637; baseline -0.002 -17"><span class='ocrx_word' id='word_1_31' title='bbox 162 561 436 637; x_wconf 86' lang='lat' dir='ltr'><strong>cujusdam</strong></span> <span class='ocrx_word' id='word_1_32' title='bbox 457 559 604 633; x_wconf 73' lang='lat' dir='ltr'><strong>pistis</strong></span> <span class='ocrx_word' id='word_1_33' title='bbox 626 557 732 615; x_wconf 85' lang='lat' dir='ltr'><strong>offa</strong></span> <span class='ocrx_word' id='word_1_34' title='bbox 760 557 916 615; x_wconf 75' lang='lat' dir='ltr'><strong>client</strong></span> <span class='ocrx_word' id='word_1_35' title='bbox 932 602 949 630; x_wconf 87' lang='lat'>‚</span> <span class='ocrx_word' id='word_1_36' title='bbox 990 560 1215 630; x_wconf 33' lang='lat' dir='ltr'><strong>hinc-ita</strong></span> <span class='ocrx_word' id='word_1_37' title='bbox 1240 577 1450 616; x_wconf 87' lang='lat' dir='ltr'><strong>mecum</strong></span> <span class='ocrx_word' id='word_1_38' title='bbox 1470 544 1841 619; x_wconf 87' lang='lat' dir='ltr'><strong>ratiocinabar.</strong></span> 
     </span>
    </p>

    <p class='ocr_par' dir='ltr' id='par_1_3' title="bbox 144 662 2116 2998">
     <span class='ocr_line' id='line_1_6' title="bbox 421 662 2111 744; baseline 0.002 -23"><span class='ocrx_word' id='word_1_39' title='bbox 421 666 625 744; x_wconf 85' lang='lat' dir='ltr'><strong>Qodfi</strong></span> <span class='ocrx_word' id='word_1_40' title='bbox 647 662 754 722; x_wconf 85' lang='lat' dir='ltr'><strong>offa</strong></span> <span class='ocrx_word' id='word_1_41' title='bbox 778 666 986 724; x_wconf 88' lang='lat' dir='ltr'><strong>alterius</strong></span> <span class='ocrx_word' id='word_1_42' title='bbox 1012 666 1244 724; x_wconf 85' lang='lat' dir='ltr'><strong>animalis</strong></span> <span class='ocrx_word' id='word_1_43' title='bbox 1281 666 1485 738; x_wconf 89' lang='lat' dir='ltr'><strong>forent,</strong></span> <span class='ocrx_word' id='word_1_44' title='bbox 1524 679 1702 724; x_wconf 90' lang='lat' dir='ltr'><strong>totum</strong></span> <span class='ocrx_word' id='word_1_45' title='bbox 1735 668 1929 727; x_wconf 89' lang='lat' dir='ltr'><strong>animal</strong></span> <span class='ocrx_word' id='word_1_46' title='bbox 1962 686 1992 724; x_wconf 91' lang='lat' dir='ltr'><strong>a</strong></span> <span class='ocrx_word' id='word_1_47' title='bbox 2024 673 2111 725; x_wconf 79' lang='lat' dir='ltr'><strong>ler-</strong></span> 
     </span>
     <span class='ocr_line' id='line_1_7' title="bbox 161 771 2113 850; baseline 0.001 -16"><span class='ocrx_word' id='word_1_48' title='bbox 161 798 263 834; x_wconf 83' lang='lat' dir='ltr'><strong>naea</strong></span> <span class='ocrx_word' id='word_1_49' title='bbox 288 774 527 850; x_wconf 84' lang='lat' dir='ltr'><strong>deglutiri</strong></span> <span class='ocrx_word' id='word_1_50' title='bbox 553 771 797 843; x_wconf 86' lang='lat' dir='ltr'><strong>deberet,</strong></span> <span class='ocrx_word' id='word_1_51' title='bbox 819 771 972 848; x_wconf 89' lang='lat' dir='ltr'><strong>quod</strong></span> <span class='ocrx_word' id='word_1_52' title='bbox 995 783 1174 828; x_wconf 86' lang='lat' dir='ltr'><strong>tamen</strong></span> <span class='ocrx_word' id='word_1_53' title='bbox 1200 771 1309 831; x_wconf 85' lang='lat' dir='ltr'><strong>fieri</strong></span> <span class='ocrx_word' id='word_1_54' title='bbox 1336 775 1611 848; x_wconf 88' lang='lat' dir='ltr'><strong>nequiret,</strong></span> <span class='ocrx_word' id='word_1_55' title='bbox 1647 791 1767 831; x_wconf 89' lang='lat' dir='ltr'><strong>cum</strong></span> <span class='ocrx_word' id='word_1_56' title='bbox 1798 775 1963 834; x_wconf 87' lang='lat' dir='ltr'><strong>moles</strong></span> <span class='ocrx_word' id='word_1_57' title='bbox 1986 778 2113 850; x_wconf 85' lang='lat' dir='ltr'><strong>ejus-</strong></span> 
     </span>
     <span class='ocr_line' id='line_1_8' title="bbox 160 877 2113 959; baseline -0.004 -17"><span class='ocrx_word' id='word_1_58' title='bbox 160 884 311 943; x_wconf 88' lang='lat' dir='ltr'>modi</span> <span class='ocrx_word' id='word_1_59' title='bbox 339 880 603 953; x_wconf 87' lang='lat' dir='ltr'><strong>animalis,</strong></span> <span class='ocrx_word' id='word_1_60' title='bbox 644 892 704 935; x_wconf 83' lang='lat' dir='ltr'><strong>ut</strong></span> <span class='ocrx_word' id='word_1_61' title='bbox 723 877 869 936; x_wconf 88' lang='lat' dir='ltr'><strong>facile</strong></span> <span class='ocrx_word' id='word_1_62' title='bbox 900 897 963 936; x_wconf 88' lang='lat' dir='ltr'><strong>ex</strong></span> <span class='ocrx_word' id='word_1_63' title='bbox 995 896 1224 936; x_wconf 90' lang='lat' dir='ltr'><strong>numero</strong></span> <span class='ocrx_word' id='word_1_64' title='bbox 1263 880 1628 954; x_wconf 81' lang='lat' dir='ltr'><strong>cartilaginum</strong></span> <span class='ocrx_word' id='word_1_65' title='bbox 1665 882 1920 956; x_wconf 84' lang='lat' dir='ltr'><strong>conjicere</strong></span> <span class='ocrx_word' id='word_1_66' title='bbox 1965 898 2113 959; x_wconf 80' lang='lat' dir='ltr'><strong>pote.</strong></span> 
     </span>
     <span class='ocr_line' id='line_1_9' title="bbox 159 984 2111 1063; baseline 0.001 -15"><span class='ocrx_word' id='word_1_67' title='bbox 159 1010 273 1052; x_wconf 90' lang='lat' dir='ltr'><strong>ram</strong></span> <span class='ocrx_word' id='word_1_68' title='bbox 289 1035 305 1062; x_wconf 85' lang='lat'><strong>,</strong></span> <span class='ocrx_word' id='word_1_69' title='bbox 328 989 674 1063; x_wconf 84' lang='lat' dir='ltr'><strong>capacitatem</strong></span> <span class='ocrx_word' id='word_1_70' title='bbox 700 987 804 1044; x_wconf 88' lang='lat' dir='ltr'><strong>oris</strong></span> <span class='ocrx_word' id='word_1_71' title='bbox 827 984 884 1041; x_wconf 74' lang='grc' dir='ltr'><strong>δε</strong></span> <span class='ocrx_word' id='word_1_72' title='bbox 904 985 1176 1062; x_wconf 83' lang='lat' dir='ltr'><strong>aesophagi</strong></span> <span class='ocrx_word' id='word_1_73' title='bbox 1202 984 1377 1042; x_wconf 69' lang='lat' dir='ltr'><strong>ler&#39;naeae</strong></span> <span class='ocrx_word' id='word_1_74' title='bbox 1403 986 1630 1044; x_wconf 89' lang='lat' dir='ltr'><strong>multum</strong></span> <span class='ocrx_word' id='word_1_75' title='bbox 1656 988 1945 1049; x_wconf 83' lang='lat' dir='ltr'><strong>excederet.</strong></span> <span class='ocrx_word' id='word_1_76' title='bbox 1988 991 2111 1050; x_wconf 91' lang='lat' dir='ltr'><strong>Hoc</strong></span> 
     </span>
     <span class='ocr_line' id='line_1_10' title="bbox 161 1092 2113 1175; baseline 0.002 -20"><span class='ocrx_word' id='word_1_77' title='bbox 161 1111 395 1156; x_wconf 87' lang='lat' dir='ltr'><strong>attamen</strong></span> <span class='ocrx_word' id='word_1_78' title='bbox 416 1108 734 1171; x_wconf 84' lang='lat' dir='ltr'><strong>argumento</strong></span> <span class='ocrx_word' id='word_1_79' title='bbox 754 1094 969 1151; x_wconf 88' lang='lat' dir='ltr'><strong>minime</strong></span> <span class='ocrx_word' id='word_1_80' title='bbox 990 1092 1254 1152; x_wconf 86' lang='lat' dir='ltr'><strong>sublatum</strong></span> <span class='ocrx_word' id='word_1_81' title='bbox 1277 1094 1348 1154; x_wconf 85' lang='lat' dir='ltr'><strong>est</strong></span> <span class='ocrx_word' id='word_1_82' title='bbox 1371 1093 1597 1152; x_wconf 86' lang='lat' dir='ltr'><strong>dubium</strong></span> <span class='ocrx_word' id='word_1_83' title='bbox 1628 1114 1834 1168; x_wconf 83' lang='lat' dir='ltr'><strong>meum3</strong></span> <span class='ocrx_word' id='word_1_84' title='bbox 1860 1115 1987 1157; x_wconf 88' lang='lat' dir='ltr'><strong>nam</strong></span> <span class='ocrx_word' id='word_1_85' title='bbox 2015 1118 2113 1175; x_wconf 76' lang='lat' dir='ltr'><strong>po-</strong></span> 
     </span>
     <span class='ocr_line' id='line_1_11' title="bbox 160 1199 2110 1280; baseline 0.003 -18"><span class='ocrx_word' id='word_1_86' title='bbox 160 1207 256 1263; x_wconf 89' lang='lat' dir='ltr'><strong>test</strong></span> <span class='ocrx_word' id='word_1_87' title='bbox 282 1207 337 1262; x_wconf 90' lang='lat' dir='ltr'><strong>in</strong></span> <span class='ocrx_word' id='word_1_88' title='bbox 363 1222 534 1261; x_wconf 88' lang='lat' dir='ltr'><strong>rerum</strong></span> <span class='ocrx_word' id='word_1_89' title='bbox 557 1215 744 1278; x_wconf 71' lang='lat' dir='ltr'><strong>natura</strong></span> <span class='ocrx_word' id='word_1_90' title='bbox 780 1199 1041 1276; x_wconf 18' lang='lat' dir='ltr'><strong>pistis-uvel</strong></span> <span class='ocrx_word' id='word_1_91' title='bbox 1077 1200 1220 1258; x_wconf 86' lang='lat' dir='ltr'><strong>aliud</strong></span> <span class='ocrx_word' id='word_1_92' title='bbox 1253 1201 1719 1274; x_wconf 17' lang='lat' dir='ltr'><strong>animallexistere,</strong></span> <span class='ocrx_word' id='word_1_93' title='bbox 1763 1209 1916 1280; x_wconf 89' lang='lat' dir='ltr'><strong>quod</strong></span> <span class='ocrx_word' id='word_1_94' title='bbox 1953 1209 2110 1267; x_wconf 80' lang='lat' dir='ltr'><strong>unica</strong></span> 
     </span>
     <span class='ocr_line' id='line_1_12' title="bbox 160 1308 2110 1387; baseline 0.003 -19"><span class='ocrx_word' id='word_1_95' title='bbox 160 1311 307 1368; x_wconf 85' lang='lat' dir='ltr'><strong>fimili</strong></span> <span class='ocrx_word' id='word_1_96' title='bbox 348 1311 653 1387; x_wconf 83' lang='lat' dir='ltr'><strong>cartilagine</strong></span> <span class='ocrx_word' id='word_1_97' title='bbox 683 1308 970 1383; x_wconf 82' lang='lat' dir='ltr'><strong>praeditum</strong></span> <span class='ocrx_word' id='word_1_98' title='bbox 1007 1308 1204 1379; x_wconf 57' lang='lat' dir='ltr'><strong>est,‘&amp;</strong></span> <span class='ocrx_word' id='word_1_99' title='bbox 1239 1308 1396 1384; x_wconf 88' lang='lat' dir='ltr'><strong>quod</strong></span> <span class='ocrx_word' id='word_1_100' title='bbox 1432 1310 1629 1367; x_wconf 91' lang='lat' dir='ltr'><strong>molem</strong></span> <span class='ocrx_word' id='word_1_101' title='bbox 1666 1314 1830 1370; x_wconf 85' lang='lat' dir='ltr'><strong>totius</strong></span> <span class='ocrx_word' id='word_1_102' title='bbox 1871 1318 2110 1387; x_wconf 87' lang='lat' dir='ltr'><strong>corporis</strong></span> 
     </span>
     <span class='ocr_line' id='line_1_13' title="bbox 160 1402 2109 1498; baseline 0.003 -23"><span class='ocrx_word' id='word_1_103' title='bbox 160 1417 284 1475; x_wconf 83' lang='lat' dir='ltr'><strong>huic</strong></span> <span class='ocrx_word' id='word_1_104' title='bbox 308 1417 595 1491; x_wconf 85' lang='lat' dir='ltr'><strong>cartilagini</strong></span> <span class='ocrx_word' id='word_1_105' title='bbox 621 1420 1088 1493; x_wconf 86' lang='lat' dir='ltr'><strong>proportionatam</strong></span> <span class='ocrx_word' id='word_1_106' title='bbox 1111 1417 1300 1487; x_wconf 85' lang='lat' dir='ltr'><strong>habet3</strong></span> <span class='ocrx_word' id='word_1_107' title='bbox 1340 1416 1723 1494; x_wconf 87' lang='lat' dir='ltr'><strong>consequenter</strong></span> <span class='ocrx_word' id='word_1_108' title='bbox 1749 1402 1985 1478; x_wconf 85' lang='lat' dir='ltr'><strong>facillime</strong></span> <span class='ocrx_word' id='word_1_109' title='bbox 2013 1442 2109 1498; x_wconf 78' lang='lat' dir='ltr'><strong>gu-</strong></span> 
     </span>
     <span class='ocr_line' id='line_1_14' title="bbox 159 1518 2112 1601; baseline 0.003 -20"><span class='ocrx_word' id='word_1_110' title='bbox 159 1524 266 1581; x_wconf 87' lang='lat' dir='ltr'><strong>lam</strong></span> <span class='ocrx_word' id='word_1_111' title='bbox 296 1529 474 1580; x_wconf 74' lang='lat' dir='ltr'><strong>lernaeae</strong></span> <span class='ocrx_word' id='word_1_112' title='bbox 496 1523 787 1581; x_wconf 80' lang='lat' dir='ltr'><strong>subintrare</strong></span> <span class='ocrx_word' id='word_1_113' title='bbox 810 1527 995 1600; x_wconf 89' lang='lat' dir='ltr'><strong>quiret.</strong></span> <span class='ocrx_word' id='word_1_114' title='bbox 1080 1524 1258 1601; x_wconf 84' lang='lat' dir='ltr'><strong>Qod</strong></span> <span class='ocrx_word' id='word_1_115' title='bbox 1286 1527 1427 1581; x_wconf 88' lang='lat' dir='ltr'><strong>enim</strong></span> <span class='ocrx_word' id='word_1_116' title='bbox 1457 1518 1707 1601; x_wconf 79' lang='lat' dir='ltr'><strong>quaedam</strong></span> <span class='ocrx_word' id='word_1_117' title='bbox 1731 1529 1975 1587; x_wconf 89' lang='lat' dir='ltr'><strong>animalia</strong></span> <span class='ocrx_word' id='word_1_118' title='bbox 2001 1533 2112 1593; x_wconf 87' lang='lat' dir='ltr'><strong>uni·-</strong></span> 
     </span>
     <span class='ocr_line' id='line_1_15' title="bbox 160 1629 2113 1711; baseline 0.004 -22"><span class='ocrx_word' id='word_1_119' title='bbox 160 1649 230 1689; x_wconf 88' lang='lat' dir='ltr'><strong>co</strong></span> <span class='ocrx_word' id='word_1_120' title='bbox 254 1629 357 1688; x_wconf 65' lang='lat' dir='ltr'><strong>olle</strong></span> <span class='ocrx_word' id='word_1_121' title='bbox 390 1635 597 1690; x_wconf 89' lang='lat' dir='ltr'><strong>munita</strong></span> <span class='ocrx_word' id='word_1_122' title='bbox 631 1632 758 1703; x_wconf 86' lang='lat' dir='ltr'><strong>fint,</strong></span> <span class='ocrx_word' id='word_1_123' title='bbox 797 1632 1096 1707; x_wconf 84' lang='lat' dir='ltr'><strong>exemplum</strong></span> <span class='ocrx_word' id='word_1_124' title='bbox 1132 1634 1396 1710; x_wconf 85' lang='lat' dir='ltr'><strong>praebent:</strong></span> <span class='ocrx_word' id='word_1_125' title='bbox 1437 1631 1573 1711; x_wconf 86' lang='lat' dir='ltr'><strong>sepia</strong></span> <span class='ocrx_word' id='word_1_126' title='bbox 1594 1680 1611 1706; x_wconf 89' lang='lat'><strong>,</strong></span> <span class='ocrx_word' id='word_1_127' title='bbox 1650 1636 1810 1695; x_wconf 81' lang='lat' dir='ltr'><strong>limax</strong></span> <span class='ocrx_word' id='word_1_128' title='bbox 1843 1637 1899 1694; x_wconf 69' lang='grc' dir='ltr'><strong>ὃς</strong></span> <span class='ocrx_word' id='word_1_129' title='bbox 1933 1639 2113 1696; x_wconf 85' lang='lat' dir='ltr'><strong>nostra</strong></span> 
     </span>
     <span class='ocr_line' id='line_1_16' title="bbox 162 1736 2110 1818; baseline 0.003 -22"><span class='ocrx_word' id='word_1_130' title='bbox 162 1736 368 1810; x_wconf 76' lang='lat' dir='ltr'><strong>lernaea,</strong></span> <span class='ocrx_word' id='word_1_131' title='bbox 415 1739 538 1816; x_wconf 78' lang='lat' dir='ltr'><strong>quae</strong></span> <span class='ocrx_word' id='word_1_132' title='bbox 566 1743 722 1799; x_wconf 86' lang='lat' dir='ltr'><strong>etiarn</strong></span> <span class='ocrx_word' id='word_1_133' title='bbox 756 1741 920 1797; x_wconf 88' lang='lat' dir='ltr'><strong>unico</strong></span> <span class='ocrx_word' id='word_1_134' title='bbox 957 1741 1217 1799; x_wconf 80' lang='lat' dir='ltr'><strong>duntaxat</strong></span> <span class='ocrx_word' id='word_1_135' title='bbox 1250 1740 1382 1811; x_wconf 67' lang='lat' dir='ltr'><strong>osset,</strong></span> <span class='ocrx_word' id='word_1_136' title='bbox 1425 1755 1484 1797; x_wconf 87' lang='lat' dir='ltr'><strong>ut</strong></span> <span class='ocrx_word' id='word_1_137' title='bbox 1522 1741 1655 1799; x_wconf 84' lang='lat' dir='ltr'><strong>infra</strong></span> <span class='ocrx_word' id='word_1_138' title='bbox 1689 1743 1842 1801; x_wconf 80' lang='lat' dir='ltr'><strong>fusius</strong></span> <span class='ocrx_word' id='word_1_139' title='bbox 1884 1746 2110 1818; x_wconf 89' lang='lat' dir='ltr'><strong>patebit,</strong></span> 
     </span>
     <span class='ocr_line' id='line_1_17' title="bbox 161 1846 2112 1924; baseline 0.005 -22"><span class='ocrx_word' id='word_1_140' title='bbox 161 1846 374 1921; x_wconf 85' lang='lat' dir='ltr'><strong>gaudet.</strong></span> <span class='ocrx_word' id='word_1_141' title='bbox 456 1846 632 1924; x_wconf 86' lang='lat' dir='ltr'><strong>Qod</strong></span> <span class='ocrx_word' id='word_1_142' title='bbox 670 1864 798 1904; x_wconf 88' lang='lat' dir='ltr'><strong>vero</strong></span> <span class='ocrx_word' id='word_1_143' title='bbox 837 1848 1004 1905; x_wconf 88' lang='lat' dir='ltr'><strong>moles</strong></span> <span class='ocrx_word' id='word_1_144' title='bbox 1042 1847 1348 1922; x_wconf 89' lang='lat' dir='ltr'><strong>hujusmodi</strong></span> <span class='ocrx_word' id='word_1_145' title='bbox 1380 1850 1615 1907; x_wconf 88' lang='lat' dir='ltr'><strong>animalis</strong></span> <span class='ocrx_word' id='word_1_146' title='bbox 1646 1852 1844 1910; x_wconf 88' lang='lat' dir='ltr'><strong>molem</strong></span> <span class='ocrx_word' id='word_1_147' title='bbox 1885 1852 1958 1910; x_wconf 91' lang='lat' dir='ltr'><strong>sui</strong></span> <span class='ocrx_word' id='word_1_148' title='bbox 1995 1850 2112 1912; x_wconf 85' lang='lat' dir='ltr'><strong>offis</strong></span> 
     </span>
     <span class='ocr_line' id='line_1_18' title="bbox 162 1953 2113 2039; baseline 0.004 -29"><span class='ocrx_word' id='word_1_149' title='bbox 162 1970 282 2010; x_wconf 88' lang='lat' dir='ltr'><strong>non</strong></span> <span class='ocrx_word' id='word_1_150' title='bbox 317 1954 548 2012; x_wconf 83' lang='lat' dir='ltr'><strong>multum</strong></span> <span class='ocrx_word' id='word_1_151' title='bbox 586 1955 885 2028; x_wconf 88' lang='lat' dir='ltr'><strong>excederet,</strong></span> <span class='ocrx_word' id='word_1_152' title='bbox 936 1953 1072 2030; x_wconf 75' lang='lat' dir='ltr'><strong>sepia</strong></span> <span class='ocrx_word' id='word_1_153' title='bbox 1110 1973 1332 2039; x_wconf 86' lang='lat' dir='ltr'><strong>quoque</strong></span> <span class='ocrx_word' id='word_1_154' title='bbox 1372 1955 1546 2014; x_wconf 90' lang='lat' dir='ltr'><strong>docet.</strong></span> <span class='ocrx_word' id='word_1_155' title='bbox 1648 1958 1812 2017; x_wconf 86' lang='lat' dir='ltr'><strong>Unde</strong></span> <span class='ocrx_word' id='word_1_156' title='bbox 1847 1963 2113 2038; x_wconf 83' lang='lat' dir='ltr'><strong>continuo</strong></span> 
     </span>
     <span class='ocr_line' id='line_1_19' title="bbox 144 2044 2116 2140; baseline 0.004 -22"><span class='ocrx_word' id='word_1_157' title='bbox 144 2044 396 2119; x_wconf 81' lang='lat' dir='ltr'><strong>mentem</strong></span> <span class='ocrx_word' id='word_1_158' title='bbox 417 2061 562 2119; x_wconf 86' lang='lat' dir='ltr'><strong>torfit</strong></span> <span class='ocrx_word' id='word_1_159' title='bbox 584 2062 808 2120; x_wconf 89' lang='lat' dir='ltr'><strong>dubium</strong></span> <span class='ocrx_word' id='word_1_160' title='bbox 826 2061 1048 2138; x_wconf 78' lang='lat' dir='ltr'><strong>,idque</strong></span> <span class='ocrx_word' id='word_1_161' title='bbox 1073 2082 1139 2120; x_wconf 90' lang='lat' dir='ltr'><strong>eo</strong></span> <span class='ocrx_word' id='word_1_162' title='bbox 1163 2067 1359 2140; x_wconf 78' lang='lat' dir='ltr'><strong>magiS,</strong></span> <span class='ocrx_word' id='word_1_163' title='bbox 1399 2082 1512 2138; x_wconf 89' lang='lat' dir='ltr'><strong>quo</strong></span> <span class='ocrx_word' id='word_1_164' title='bbox 1540 2065 1771 2124; x_wconf 86' lang='lat' dir='ltr'><strong>dificilius</strong></span> <span class='ocrx_word' id='word_1_165' title='bbox 1797 2068 2116 2126; x_wconf 78' lang='lat' dir='ltr'><strong>determina-</strong></span> 
     </span>
     <span class='ocr_line' id='line_1_20' title="bbox 163 2169 2115 2252; baseline 0.005 -28"><span class='ocrx_word' id='word_1_166' title='bbox 163 2179 224 2225; x_wconf 89' lang='lat' dir='ltr'><strong>tu</strong></span> <span class='ocrx_word' id='word_1_167' title='bbox 245 2182 383 2241; x_wconf 86' lang='lat' dir='ltr'><strong>erat,</strong></span> <span class='ocrx_word' id='word_1_168' title='bbox 425 2170 684 2244; x_wconf 88' lang='lat' dir='ltr'><strong>quidnam</strong></span> <span class='ocrx_word' id='word_1_169' title='bbox 709 2169 881 2240; x_wconf 83' lang='lat' dir='ltr'><strong>aliud,</strong></span> <span class='ocrx_word' id='word_1_170' title='bbox 918 2170 953 2226; x_wconf 74' lang='lat' dir='ltr'>fi</span> <span class='ocrx_word' id='word_1_171' title='bbox 976 2190 1093 2229; x_wconf 87' lang='lat' dir='ltr'><strong>non</strong></span> <span class='ocrx_word' id='word_1_172' title='bbox 1119 2170 1465 2252; x_wconf 71' lang='lat' dir='ltr'><strong>pisciumossa</strong></span> <span class='ocrx_word' id='word_1_173' title='bbox 1486 2177 1763 2249; x_wconf 71' lang='lat' dir='ltr'><strong>portiones</strong></span> <span class='ocrx_word' id='word_1_174' title='bbox 1782 2175 1881 2232; x_wconf 85' lang='lat' dir='ltr'><strong>illae</strong></span> <span class='ocrx_word' id='word_1_175' title='bbox 1914 2176 2115 2233; x_wconf 88' lang='lat' dir='ltr'><strong>cartila-</strong></span> 
     </span>
     <span class='ocr_line' id='line_1_21' title="bbox 166 2276 2112 2364; baseline 0.005 -34"><span class='ocrx_word' id='word_1_176' title='bbox 166 2276 334 2350; x_wconf 87' lang='lat' dir='ltr'><strong>gineae</strong></span> <span class='ocrx_word' id='word_1_177' title='bbox 368 2276 562 2335; x_wconf 74' lang='lat' dir='ltr'><strong>essent?</strong></span> <span class='ocrx_word' id='word_1_178' title='bbox 611 2277 702 2333; x_wconf 84' lang='lat' dir='ltr'><strong>Ast</strong></span> <span class='ocrx_word' id='word_1_179' title='bbox 742 2276 871 2334; x_wconf 86' lang='lat' dir='ltr'><strong>dum</strong></span> <span class='ocrx_word' id='word_1_180' title='bbox 907 2277 1077 2352; x_wconf 87' lang='lat' dir='ltr'><strong>plures</strong></span> <span class='ocrx_word' id='word_1_181' title='bbox 1117 2279 1240 2335; x_wconf 88' lang='lat' dir='ltr'><strong>alias</strong></span> <span class='ocrx_word' id='word_1_182' title='bbox 1272 2285 1467 2336; x_wconf 74' lang='lat' dir='ltr'><strong>lernaeas</strong></span> <span class='ocrx_word' id='word_1_183' title='bbox 1503 2280 1834 2364; x_wconf 66' lang='lat' dir='ltr'><strong>diffecaffim,</strong></span> <span class='ocrx_word' id='word_1_184' title='bbox 1873 2283 2112 2341; x_wconf 87' lang='lat' dir='ltr'><strong>intestina</strong></span> 
     </span>
     <span class='ocr_line' id='line_1_22' title="bbox 167 2364 2111 2463; baseline 0.005 -25"><span class='ocrx_word' id='word_1_185' title='bbox 167 2400 347 2439; x_wconf 87' lang='lat' dir='ltr'><strong>earum</strong></span> <span class='ocrx_word' id='word_1_186' title='bbox 371 2399 593 2459; x_wconf 92' lang='lat' dir='ltr'><strong>quoque</strong></span> <span class='ocrx_word' id='word_1_187' title='bbox 613 2382 849 2457; x_wconf 84' lang='lat' dir='ltr'><strong>lustravi,</strong></span> <span class='ocrx_word' id='word_1_188' title='bbox 869 2387 923 2442; x_wconf 89' lang='lat' dir='ltr'><strong>in</strong></span> <span class='ocrx_word' id='word_1_189' title='bbox 947 2386 1138 2461; x_wconf 79' lang='lat' dir='ltr'><strong>quibus</strong></span> <span class='ocrx_word' id='word_1_190' title='bbox 1160 2388 1364 2445; x_wconf 87' lang='lat' dir='ltr'><strong>nullum</strong></span> <span class='ocrx_word' id='word_1_191' title='bbox 1391 2389 1666 2463; x_wconf 84' lang='lat' dir='ltr'><strong>vestigium</strong></span> <span class='ocrx_word' id='word_1_192' title='bbox 1691 2388 1758 2447; x_wconf 84' lang='lat' dir='ltr'><strong>de</strong></span> <span class='ocrx_word' id='word_1_193' title='bbox 1779 2364 2111 2448; x_wconf 83' lang='lat' dir='ltr'><strong>concharum</strong></span> 
     </span>
     <span class='ocr_line' id='line_1_23' title="bbox 169 2490 2112 2573; baseline 0.005 -27"><span class='ocrx_word' id='word_1_194' title='bbox 169 2490 617 2573; x_wconf 86' lang='lat' dir='ltr'><strong>cochlearumque</strong></span> <span class='ocrx_word' id='word_1_195' title='bbox 642 2493 777 2549; x_wconf 81' lang='lat' dir='ltr'><strong>testis</strong></span> <span class='ocrx_word' id='word_1_196' title='bbox 803 2492 1068 2551; x_wconf 85' lang='lat' dir='ltr'><strong>adinveni.</strong></span> <span class='ocrx_word' id='word_1_197' title='bbox 1092 2495 1230 2552; x_wconf 90' lang='lat' dir='ltr'><strong>Hinc</strong></span> <span class='ocrx_word' id='word_1_198' title='bbox 1251 2499 1305 2553; x_wconf 88' lang='lat' dir='ltr'><strong>in</strong></span> <span class='ocrx_word' id='word_1_199' title='bbox 1330 2496 1496 2554; x_wconf 90' lang='lat' dir='ltr'><strong>altero</strong></span> <span class='ocrx_word' id='word_1_200' title='bbox 1519 2499 1812 2555; x_wconf 82' lang='lat' dir='ltr'><strong>ventriculo</strong></span> <span class='ocrx_word' id='word_1_201' title='bbox 1837 2518 1921 2556; x_wconf 86' lang='lat' dir='ltr'><strong>eas</strong></span> <span class='ocrx_word' id='word_1_202' title='bbox 1947 2499 2112 2573; x_wconf 84' lang='lat' dir='ltr'><strong>digeri</strong></span> 
     </span>
     <span class='ocr_line' id='line_1_24' title="bbox 169 2597 2111 2680; baseline 0.005 -26"><span class='ocrx_word' id='word_1_203' title='bbox 169 2597 409 2654; x_wconf 77' lang='lat' dir='ltr'><strong>conclusi.</strong></span> <span class='ocrx_word' id='word_1_204' title='bbox 489 2599 740 2675; x_wconf 89' lang='lat' dir='ltr'><strong>Cumque</strong></span> <span class='ocrx_word' id='word_1_205' title='bbox 770 2600 917 2657; x_wconf 71' lang='lat' dir='ltr'><strong>simul</strong></span> <span class='ocrx_word' id='word_1_206' title='bbox 940 2603 1357 2677; x_wconf 82' lang='lat' dir='ltr'><strong>perpenderem,</strong></span> <span class='ocrx_word' id='word_1_207' title='bbox 1402 2605 1556 2680; x_wconf 81' lang='lat' dir='ltr'><strong>quod</strong></span> <span class='ocrx_word' id='word_1_208' title='bbox 1593 2607 1647 2661; x_wconf 85' lang='lat' dir='ltr'><strong>in</strong></span> <span class='ocrx_word' id='word_1_209' title='bbox 1671 2624 1763 2665; x_wconf 88' lang='lat' dir='ltr'><strong>ore</strong></span> <span class='ocrx_word' id='word_1_210' title='bbox 1785 2611 1960 2662; x_wconf 77' lang='lat' dir='ltr'><strong>lernaeae</strong></span> <span class='ocrx_word' id='word_1_211' title='bbox 1982 2605 2111 2663; x_wconf 82' lang='lat' dir='ltr'><strong>nulli</strong></span> 
     </span>
     <span class='ocr_line' id='line_1_25' title="bbox 171 2704 2111 2790; baseline 0.005 -28"><span class='ocrx_word' id='word_1_212' title='bbox 171 2704 353 2762; x_wconf 87' lang='lat' dir='ltr'><strong>dentes</strong></span> <span class='ocrx_word' id='word_1_213' title='bbox 368 2705 436 2762; x_wconf 89' lang='lat' dir='ltr'><strong>ad</strong></span> <span class='ocrx_word' id='word_1_214' title='bbox 462 2706 902 2766; x_wconf 85' lang='lat' dir='ltr'><strong>comminuendas</strong></span> <span class='ocrx_word' id='word_1_215' title='bbox 922 2710 1328 2788; x_wconf 83' lang='lat' dir='ltr'><strong>atterendasque</strong></span> <span class='ocrx_word' id='word_1_216' title='bbox 1353 2713 1654 2770; x_wconf 87' lang='lat' dir='ltr'><strong>cochleolas</strong></span> <span class='ocrx_word' id='word_1_217' title='bbox 1681 2733 1710 2771; x_wconf 88' lang='lat' dir='ltr'><strong>a</strong></span> <span class='ocrx_word' id='word_1_218' title='bbox 1730 2729 1916 2771; x_wconf 85' lang='lat' dir='ltr'><strong>natura</strong></span> <span class='ocrx_word' id='word_1_219' title='bbox 1941 2713 2111 2790; x_wconf 88' lang='lat' dir='ltr'><strong>dispo-</strong></span> 
     </span>
     <span class='ocr_line' id='line_1_26' title="bbox 172 2793 2114 2898; baseline 0.007 -31"><span class='ocrx_word' id='word_1_220' title='bbox 172 2793 249 2868; x_wconf 76' lang='lat' dir='ltr'><strong>liti</strong></span> <span class='ocrx_word' id='word_1_221' title='bbox 279 2812 466 2886; x_wconf 86' lang='lat' dir='ltr'><strong>essent,</strong></span> <span class='ocrx_word' id='word_1_222' title='bbox 506 2817 563 2873; x_wconf 90' lang='lat' dir='ltr'><strong>in</strong></span> <span class='ocrx_word' id='word_1_223' title='bbox 586 2835 701 2873; x_wconf 88' lang='lat' dir='ltr'><strong>eam</strong></span> <span class='ocrx_word' id='word_1_224' title='bbox 732 2816 889 2874; x_wconf 88' lang='lat' dir='ltr'><strong>incidi</strong></span> <span class='ocrx_word' id='word_1_225' title='bbox 912 2819 1322 2893; x_wconf 83' lang='lat' dir='ltr'><strong>cogitationem:</strong></span> <span class='ocrx_word' id='word_1_226' title='bbox 1367 2822 1519 2898; x_wconf 82' lang='lat' dir='ltr'><strong>quod</strong></span> <span class='ocrx_word' id='word_1_227' title='bbox 1543 2824 1817 2896; x_wconf 86' lang='lat' dir='ltr'><strong>portiones</strong></span> <span class='ocrx_word' id='word_1_228' title='bbox 1843 2825 1941 2882; x_wconf 77' lang='lat' dir='ltr'><strong>illae</strong></span> <span class='ocrx_word' id='word_1_229' title='bbox 1972 2825 2114 2881; x_wconf 86' lang='lat' dir='ltr'><strong>carti-</strong></span> 
     </span>
     <span class='ocr_line' id='line_1_27' title="bbox 176 2922 1954 2998; baseline 0.004 -19"><span class='ocrx_word' id='word_1_230' title='bbox 176 2922 392 2998; x_wconf 83' lang='lat' dir='ltr'><strong>lagineae</strong></span> <span class='ocrx_word' id='word_1_231' title='bbox 418 2923 645 2983; x_wconf 89' lang='lat' dir='ltr'><strong>totidem</strong></span> <span class='ocrx_word' id='word_1_232' title='bbox 668 2924 882 2985; x_wconf 83' lang='lat' dir='ltr'><strong>forfitan</strong></span> <span class='ocrx_word' id='word_1_233' title='bbox 903 2926 1085 2985; x_wconf 86' lang='lat' dir='ltr'><strong>dentes</strong></span> <span class='ocrx_word' id='word_1_234' title='bbox 1111 2928 1268 2986; x_wconf 72' lang='lat' dir='ltr'><strong>essent</strong></span> <span class='ocrx_word' id='word_1_235' title='bbox 1291 2929 1346 2987; x_wconf 84' lang='lat' dir='ltr'><strong>in</strong></span> <span class='ocrx_word' id='word_1_236' title='bbox 1370 2930 1665 2989; x_wconf 81' lang='lat' dir='ltr'><strong>ventriculo</strong></span> <span class='ocrx_word' id='word_1_237' title='bbox 1692 2932 1954 2990; x_wconf 87' lang='lat' dir='ltr'><strong>collocati.</strong></span> 
     </span>
    </p>
   </div>
   <div class='ocr_carea' id='block_1_3' title="bbox 1073 3036 2052 3098">
    <p class='ocr_par' dir='ltr' id='par_1_4' title="bbox 1073 3036 2052 3098">
     <span class='ocr_line' id='line_1_28' title="bbox 1073 3036 2052 3098; baseline 0.003 -3"><span class='ocrx_word' id='word_1_238' title='bbox 1073 3036 1122 3095; x_wconf 91' lang='lat' dir='ltr'>C</span> <span class='ocrx_word' id='word_1_239' title='bbox 1167 3057 1200 3095; x_wconf 80' lang='lat'>2</span> <span class='ocrx_word' id='word_1_240' title='bbox 1817 3085 1821 3090; x_wconf 86' lang='lat'><em>.</em></span> <span class='ocrx_word' id='word_1_241' title='bbox 1945 3039 2052 3098; x_wconf 87' lang='lat' dir='ltr'><strong>Au-</strong></span> 
     </span>
    </p>
   </div>
  </div>
 </body>
</html>
