2513 3435
946 100 1041 157 DE
1086 98 1389 164 LERNAEA.
2065 139 2132 183 11

181 232 421 293 uterum,
464 242 507 283 c.
535 221 806 293 ovarium,
847 222 893 279 d.
920 240 1042 296 cor,
1081 247 1121 281 e.
1144 240 1272 284 vero
1298 226 1607 302 glandulam
1630 233 2014 312 veneniferam,
2041 223 2126 303 de.

179 332 344 405 nique
368 331 429 399 fi
462 347 549 387 vas
584 326 818 387 deferens
857 329 966 388 effe.
1050 331 1262 390 Horum
1305 338 1549 396 omnium
1593 338 1874 416 viscerum,
1917 364 2132 424 excepta

177 431 428 512 glandula
454 434 750 513 venenifera
775 437 832 494 &
864 438 1030 496 corde
1067 439 1200 497 inter
1234 440 1285 499 se
1320 461 1485 502 nexus
1521 445 1637 506 talis
1675 451 1778 522 est,
1819 465 1879 509 ut
1915 455 2060 514 fimul
2103 477 2131 516 e

175 562 406 620 corpore
429 545 581 602 eximi
608 542 832 619 pollint,
872 543 1077 603 servato
1100 545 1333 621 sequenti
1357 554 1544 624 quoad
1570 554 1723 614 fitum
1752 559 1957 619 ordine.

425 652 680 727 Pharynx
715 672 764 709 a.
792 652 957 710 ovalis
990 671 1180 711 carnea
1216 657 1478 733 originem
1516 662 1608 720 dat
1651 664 1947 745 aesophago
1983 674 2292 748 tenuifzgura
2315 690 2360 737 ε.

171 760 580 819 membranaceo
619 762 660 814 b.
698 760 752 816 in
784 761 1137 818 ventriculum
1172 763 1408 834 primum
1447 760 1494 823 c]
1521 770 1754 828 abeunti.
1837 776 1926 835 Ad
1967 779 2130 840 latera

168 868 442 944 aesophagi
466 868 579 925 duo
602 867 790 925 duetus
815 871 861 923 d.
891 870 938 923 d.
965 868 1150 926 itidem
1175 871 1568 959 membranacei
1586 878 1738 951 positi
1760 880 1909 955 sunt,
1954 888 2047 960 qui
2070 890 2129 948 in

166 977 274 1037 bafi
296 973 563 1053 aesophagi
586 976 756 1034 exorti
783 978 938 1051 juxta
972 975 1320 1052 aesophagum
1362 980 1738 1047 descendentes
1778 994 2128 1057 ventriculum

164 1086 399 1162 primum
432 1084 856 1159 amplectuntur,
924 1100 1155 1159 eumque
1193 1086 1464 1146 interdum
1501 1097 1799 1169 coarctant,
1864 1113 2027 1177 atque
2067 1105 2125 1166 in

163 1192 515 1251 ventriculum
543 1190 835 1250 secundum
862 1215 897 1249 ε.
924 1191 1180 1252 desinunt.
1265 1195 1353 1253 Ab
1383 1197 1558 1256 altero
1596 1206 1891 1262 ventriculo
1928 1210 2121 1270 intesti-

159 1318 293 1358 num
318 1300 696 1372 duodenumf?
715 1299 1085 1374 progreditur,
1110 1301 1262 1375 quod
1288 1303 1498 1380 reliquis
1521 1308 1769 1368 intestinis
1794 1317 2119 1380 continuum

160 1409 261 1481 est,
305 1408 423 1467 haec
450 1426 576 1467 vero
604 1410 752 1468 variis
778 1409 974 1466 circum
999 1408 1366 1470 volutionibus
1393 1412 1572 1491 hepati
1606 1419 1933 1482 viridescenti
1953 1445 2004 1500 g.
2042 1425 2116 1483 in-

159 1529 384 1574 tertexta
416 1519 470 1572 in
507 1533 671 1573 anum
701 1516 909 1574 finiunt.
982 1516 1241 1575 Intestinis
1277 1522 1333 1576 in
1366 1523 1470 1579 ima
1508 1529 1700 1586 ventris
1731 1543 1880 1603 parte
1911 1533 2116 1607 adjacet

156 1623 325 1685 viscus
349 1624 673 1684 cordiforme
708 1628 755 1683 h.
794 1623 881 1683 Ceu
918 1624 1148 1684 veficulae
1180 1625 1476 1705 seminales,
1521 1640 1643 1709 quae
1677 1639 1823 1713 apice
1857 1638 1953 1697 suo
1990 1659 2115 1705 cum

158 1733 264 1793 offe
284 1731 673 1805 conchiformi,
712 1743 745 1790 i.
773 1734 981 1795 &cum
1005 1734 1357 1807 pulmonibus
1388 1741 1437 1796 k.
1471 1742 1528 1798 in
1563 1763 1629 1800 eo
1661 1748 1949 1809 reconditis
1981 1768 2114 1810 con-

156 1842 467 1914 ne3untur3
535 1841 905 1900 mediandibus
942 1842 1067 1899 vafis
1098 1828 1424 1920 serpentibus
1464 1854 1494 1905 l.
1534 1869 1661 1910 vero
1693 1872 1817 1913 curn
1858 1870 2012 1915 utero
2046 1880 2107 1916 m.

157 1952 644 2008 communicantur.
723 1948 869 2006 Inter
899 1949 1060 2026 hepar
1084 1951 1141 2009 &
1173 1968 1381 2013 uterum
1410 1959 1602 2033 vagina
1623 1984 1670 2019 n.
1695 1963 1784 2021 fita
1813 1966 1912 2038 est,
1953 1985 1984 2024 a
2003 1987 2111 2044 qua

156 2057 320 2135 paulo
341 2058 461 2133 post
479 2071 724 2116 exortum
747 2058 938 2117 canalis
975 2062 1145 2119 tenuis
1181 2065 1422 2138 procedit
1435 2060 1468 2137 ζ
1493 2068 1547 2124 in
1583 2074 1825 2133 ovarium
1867 2098 1905 2132 o.
1940 2074 2107 2138 hians,

156 2166 334 2226 Altera
355 2185 482 2228 vero
502 2169 709 2242 vaginae
730 2171 1025 2227 extremitas
1060 2171 1114 2228 in
1144 2183 1357 2232 uterum
1378 2175 1722 2236 inosculatur.

1028 2323 1093 2412 §-
1157 2321 1239 2392 v.

152 2486 496 2642 Indigitatis
520 2487 824 2562 generaliter
845 2489 1083 2564 partibus
1108 2493 1335 2550 externis
1366 2505 1529 2571 atque
1559 2497 1802 2574 internis,
1842 2501 2104 2579 reliquum

265 2596 361 2653 est:
410 2609 470 2652 ut
506 2596 780 2672 cujuslibet
815 2599 1037 2656 internae
1084 2603 1246 2674 partis
1291 2604 1607 2678 peculiarem
1647 2608 1914 2671 historiam
1956 2611 2107 2671 susci-

154 2703 326 2777 piam,
365 2705 580 2779 ejusque
606 2706 754 2762 usum
780 2705 1053 2764 declarem.
1134 2707 1212 2766 Ut
1234 2729 1362 2770 vero
1385 2712 1629 2773 ordinem
1653 2718 1798 2794 apud
1825 2721 2110 2780 Anatomi-

154 2828 248 2868 cos
278 2808 522 2868 usitatum
543 2826 786 2887 teneam,
825 2833 855 2873 a
877 2816 1115 2893 partibus
1142 2816 1478 2894 deglutitioni
1500 2821 1891 2888 inservientibus
1912 2831 2105 2902 princi-

141 2921 305 2995 pium
327 2916 536 2978 ducam.
1183 2929 1189 2934 “

1106 3041 1149 3098 Β
1192 3062 1226 3102 2
1890 3046 2029 3106 Pha-
