2513 3435
409 118 480 178 33
1180 130 1187 144 ε
1242 96 1334 153 CA
1349 105 1467 151 PUT
1510 95 1546 151 1.

408 238 525 297 tur,
564 224 743 301 portio
773 219 991 290 obtusa,
1009 248 1011 251 ·
1030 218 1118 277 seu
1142 235 1331 291 margo
1356 218 1449 290 offis
1473 218 1800 287 conchfiarmis
1825 219 1881 280 in
1906 215 2250 292 conspeclum
2276 232 2359 278 ve-

409 334 489 390 nit
505 376 521 404 ,
561 350 676 407 quo
703 328 1026 406 potiffimum
1050 344 1143 384 cor
1167 326 1236 383 ab
1263 326 1458 400 injuriis
1480 328 1706 384 externis
1733 325 2053 382 defenditur.
2125 327 2208 383 Os
2228 326 2356 385 hoce-

411 460 471 498 ce
494 440 708 496 unicum
734 437 804 494 est
829 438 883 492 in
905 447 1030 491 toto
1052 438 1229 489 lernaeae
1260 447 1518 504 corpore,
1559 434 1713 510 quod
1739 430 2106 519 conchiforme
2129 433 2204 489 ob
2229 432 2356 508 figu-

409 565 522 604 ram
545 545 802 622 appellare
824 543 997 613 lubet,
1038 559 1145 616 qua
1172 558 1334 598 unam
1356 540 1580 602 conchae
1613 542 1837 600 bivaluae
1871 542 2053 597 testam
2085 541 2359 616 repraesem

408 668 503 712 tat.
578 652 836 727 Undique
856 665 915 707 ut
936 649 1090 721 supra
1111 649 1325 704 memini
1351 647 1660 705 membrana
1684 646 1810 705 forti
1847 648 2125 719 cellulosay
2155 649 2359 722 integu-

322 804 333 807 -
405 773 586 819 menta
619 764 791 814 lernaeae
826 757 1133 813 communia
1170 757 1518 812 constituente
1551 754 1846 812 obduclum
1881 758 2135 826 cernitur,
2175 756 2247 813 ita
2281 769 2358 814 ta«,-

137 1195 285 1260 ngra
306 1203 385 1241 20.

405 884 557 939 men,
600 880 659 923 ut
684 866 883 941 absque
906 865 1121 922 minima
1148 863 1197 922 vi
1219 862 1342 920 inde
1364 862 1518 919 educi
1543 861 1711 936 poffit.
1754 863 2022 920 Concavo
2052 880 2355 922 convexum

407 976 504 1045 est,
544 986 695 1048 parte
715 991 952 1052 convexa
976 973 1137 1028 cutim
1160 983 1460 1041 externam,
1504 986 1742 1028 concava
1765 989 1859 1028 cor
1894 968 2180 1042 respiciens,
2233 973 2356 1046 Ejus

406 1095 634 1139 extrema
658 1082 888 1138 clarioris
910 1078 1116 1137 notitiae
1142 1077 1294 1134 causa
1318 1078 1376 1134 in
1398 1079 1691 1153 marginem
1708 1121 1724 1146 2
1769 1077 2063 1133 umbonem
2088 1077 2146 1134 ὃς
2184 1097 2360 1155 angu-

405 1191 514 1248 lum
541 1203 758 1247 acutum
781 1187 992 1260 dispesci
1018 1183 1247 1258 possunt.
1331 1186 1528 1260 Margo
1555 1205 1600 1241 a.
1623 1183 1793 1243 versus
1813 1196 1973 1258 caput
1994 1184 2233 1249 situatur,
2278 1200 2351 1243 atu

408 1317 514 1374 que
538 1315 630 1354 cor
646 1341 663 1368 ,
703 1310 764 1352 ut
791 1295 950 1370 paulo
986 1306 1110 1351 ante
1131 1294 1348 1357 memini
1375 1288 1652 1368 co'operit3
1692 1291 1787 1349 sub
1813 1292 2055 1348 umbone
2077 1293 2125 1352 b.
2159 1293 2354 1350 intesti-

406 1424 537 1463 num
562 1406 756 1462 refiium
779 1404 836 1460 &
857 1420 986 1459 anus
1007 1399 1289 1469 delitescit3
1330 1399 1551 1473 angulus
1577 1411 1760 1454 acutus
1784 1421 1826 1454 c.
1850 1397 1918 1454 ad
1948 1396 2192 1456 dextrum
2215 1397 2354 1455 dorii

407 1516 542 1570 latus
562 1513 680 1570 litus
710 1513 809 1581 est-;
849 1511 1103 1583 reliquam
1125 1525 1251 1564 vero
1271 1524 1561 1564 concavam
1586 1504 1704 1563 offis
1725 1519 1929 1579 partem
1961 1504 2243 1579 pulmones
2279 1524 2352 1564 re-

409 1622 570 1697 plent.
653 1618 968 1693 Longitudo
990 1616 1058 1672 ab
1087 1615 1329 1671 umbone
1354 1613 1423 1670 ad
1454 1616 1748 1689 marginem
1772 1632 1941 1688 usque
1961 1613 2120 1669 lineas
2141 1624 2246 1698 tres
2267 1612 2353 1703 fu-

407 1747 501 1804 pra
527 1729 708 1802 viginti
729 1727 1008 1800 adaequat,
1049 1721 1277 1778 latitudo
1306 1721 1374 1777 ab
1403 1719 1601 1793 angulo
1625 1720 1789 1776 acuto
1821 1720 1889 1777 ad
1909 1701 2355 1795 partem-oppos&

405 1849 516 1892 tam
553 1834 778 1891 umboni
819 1831 1117 1905 proximam
1157 1828 1315 1884 lineas
1352 1827 1656 1902 quindecim
1690 1826 1906 1885 excedit.
1980 1827 2194 1902 Duplex
2230 1827 2349 1885 sub-

406 1943 591 1999 stantia
611 1944 666 1997 in
691 1959 756 1997 eo
786 1938 1120 2008 oble-rvatur,
1163 1935 1262 1993 alia
1283 1937 1532 1992 nimirum
1557 1935 1614 1990 in
1632 1935 1890 2009 margine,
1934 1933 2031 1990 alia
2061 1934 2117 1990 in
2155 1953 2345 2012 corpo-

404 2068 473 2108 re.
506 2070 509 2072 ·
558 2049 753 2123 Margo
780 2032 846 2128 ab
873 2045 1072 2119 angulo
1102 2056 1261 2100 acuto
1289 2043 1358 2100 ad
1390 2042 1685 2099 umbonem
1721 2059 1890 2116 usque
1924 2041 2112 2097 mediae
2143 2056 2347 2100 naturae

405 2158 475 2216 est
512 2159 643 2213 inter
677 2157 949 2213 tendinem
983 2152 1040 2208 δε
1072 2150 1458 2222 cartilaginem,
1500 2163 1660 2224 atque
1692 2166 1755 2203 ex
1799 2146 1995 2219 duplici
2036 2147 2345 2206 membrana

404 2265 588 2335 crassa,
631 2259 984 2338 rigidiuscula,
1042 2258 1399 2332 transparente
1434 2257 1869 2330 compaginatur,
1930 2272 2155 2327 quarum
2187 2254 2346 2314 altera

405 2386 576 2429 totam
611 2369 727 2426 offis
760 2367 942 2424 faciem
975 2382 1268 2422 convexam
1291 2408 1307 2434 ‚
1367 2365 1525 2419 altera
1556 2362 1741 2419 faciem
1774 2354 2064 2418 concavam
2106 2363 2347 2437 proxime

405 2478 600 2548 ambit,
643 2490 804 2550 atque
827 2473 919 2529 ossi
945 2472 1158 2529 firmiter
1182 2470 1429 2527 adhaeret.
1486 2466 1653 2546 Qod
1675 2481 1849 2526 autem
1873 2487 2060 2549 margo
2081 2469 2160 2526 his
2188 2488 2348 2526 mem-

402 2581 580 2646 branis
615 2584 874 2657 originem
913 2579 1057 2635 suam
1097 2578 1318 2648 debeat,
1359 2576 1486 2633 inde
1517 2577 1645 2633 mihi
1681 2577 1944 2634 innotuit:
1989 2576 2118 2632 dum
2153 2589 2347 2633 utram-

407 2711 512 2769 que
547 2670 911 2749 membranam
947 2686 1125 2743 senlim
1159 2684 1459 2755 avellerem,
1499 2701 1686 2758 margo
1726 2682 1867 2739 fimul
1901 2684 2143 2754 evanuit,
2183 2702 2348 2740 rema-

335 2856 338 2857 a
406 2813 567 2859 nente
591 2795 707 2853 oflis
733 2812 956 2870 corpore
992 2795 1248 2863 testace0‚
1288 2791 1611 2849 transverfim
1653 2792 1808 2849 veluti
1841 2792 1894 2846 in
1928 2790 2111 2846 chamis
2147 2791 2347 2864 striatO,

409 2906 562 2983 quod
596 2903 825 2964 mediam
860 2902 1052 2962 lineam
1100 2899 1314 2961 craffitie
1349 2898 1498 2959 haud
1535 2896 1750 2956 excedit.
1853 2897 2001 2955 Striae
2044 2898 2346 2956 transversae

2159 3022 2260 3066 un-
