2513 3435
947 87 1042 145 Dr
1090 86 1386 151 LERNAEA.
2049 118 2123 172 43

162 230 312 272 arcus
333 211 577 270 fimbriati
603 226 784 268 ramos
831 207 1115 285 diffipatur.
1201 212 1372 270 Color
1407 214 1732 288 pulmonum
1766 217 1957 291 partim
1995 219 2123 279 albi-

165 320 294 390 dus,
318 323 514 393 partim
539 316 708 376 fuscus
728 318 861 375 &in
884 321 1047 375 varias
1070 319 1213 378 strias
1233 319 1506 395 dispositus
1526 322 1625 393 est3
1669 321 1836 381 fustus
1864 337 2118 401 attamen,

164 426 625 503 quemadmodum
644 427 749 482 toti
771 430 946 480 lernaeae
968 427 1212 500 corpori,
1254 428 1326 483 ita
1345 428 1428 486 his
1454 428 1831 504 superficialiter
1856 432 2116 493 duntaxat

163 534 222 591 &
255 533 501 590 leniffime
527 532 794 604 adhaeret,
835 545 997 608 atque
1017 546 1231 591 mortua
1250 539 1421 590 lernaea
1445 534 1579 594 facili
1607 539 1832 612 negotio
1868 538 2115 615 abstergi·

160 654 262 699 tur.
346 640 522 718 Qod
561 639 711 696 usum
745 639 1070 712 pulmonum
1106 641 1322 698 attinet:
1363 641 1448 698 hic
1483 643 1625 700 idem
1663 645 1761 716 est,
1803 664 1966 721 quem
1997 649 2116 721 pul·

159 767 348 807 mones
360 750 426 814 jn
448 733 631 804 avibus
657 745 714 804 &
749 745 1215 821 quadrupedibus,
1257 764 1356 805 nec
1381 766 1499 805 non
1529 750 1769 809 branchia·
1793 753 1850 809 in
1888 753 2115 826 piscibus

156 855 432 934 praestant3
471 855 725 911 nimirum
753 851 1018 909 undarum
1055 849 1399 927 frequentiori
1433 856 1656 930 appulsu
1694 856 2003 934 &nguinem
2039 875 2113 919 at-

156 976 410 1035 tenuant,
451 959 763 1035 rursumque
790 961 1176 1036 compingunt,
1218 973 1380 1036 atque
1401 963 1666 1038 aptiorem
1690 965 1759 1025 ad
1786 981 2112 1027 transmean-

158 1070 228 1129 da
254 1071 435 1128 omnia
464 1069 703 1142 corporis
738 1067 859 1126 vasu
892 1066 1144 1124 reddunt.
1225 1068 1438 1150 Qodsi
1472 1071 1687 1130 Veteres
1722 1075 1920 1132 Medici
1957 1077 2109 1153 plura

155 1178 460 1236 animalium
499 1191 688 1249 genera
725 1173 1075 1250 inspexissent,
1134 1175 1282 1233 haud
1326 1175 1451 1233 illud
1491 1177 1727 1237 officium
1757 1182 2109 1254 pulmonibus

155 1281 502 1342 attribuiffent
518 1324 535 1351 ,
577 1283 733 1357 quod
757 1282 1065 1357 sanguinem
1089 1281 1378 1341 ferventem
1401 1304 1428 1340 e
1456 1284 1619 1341 corde
1640 1285 1876 1347 adfluum
1898 1268 2108 1367 refrige-

155 1405 288 1451 rent.
366 1390 420 1446 N
426 1409 510 1446 am
533 1390 711 1445 nostra
733 1391 905 1443 lernaea
926 1389 1281 1448 &innumera
1306 1392 1403 1449 alia
1424 1370 1670 1452 animalia
1691 1393 1943 1472 sanguine
1966 1397 2107 1474 frigi-

152 1501 228 1557 do
256 1497 521 1573 gaudent,
563 1496 622 1554 <Sc
645 1510 826 1555 tamen
855 1496 1206 1570 pulmonibus
1235 1501 1314 1559 vel
1335 1499 1525 1559 viscere
1554 1500 1636 1561 his
1658 1502 1892 1580 analogo
1918 1505 2103 1580 praedi-

153 1619 208 1664 ta
235 1605 371 1663 sunt.

403 1714 583 1789 Atque
614 1709 730 1772 haec
755 1711 905 1787 sunt,
948 1734 1070 1792 quae
1092 1715 1158 1774 de
1195 1716 1447 1777 struetura
1477 1722 1717 1794 corporis
1748 1724 1925 1779 lernaeae
1955 1741 2101 1781 com-

150 1822 500 1882 memoranda
523 1820 617 1878 effe
641 1822 843 1892 censui,
883 1841 945 1879 ex
977 1824 1170 1898 quibus
1209 1826 1473 1884 elucestit:
1516 1829 1866 1887 charafiterem
1897 1834 2100 1905 generi-

151 1951 276 1991 cum
299 1951 329 1989 a
351 1932 432 1989 Cl.
457 1930 674 1986 LmNffio
701 1930 770 1985 (⁸)
801 1930 846 1987 ei
867 1930 1181 2005 affignatum
1208 1951 1325 1992 non
1349 1938 1669 1995 omnimode
1689 1939 1874 1996 nostro
1900 1941 2101 1997 anima·-

148 2040 182 2099 li
203 2042 504 2098 convenire.
575 2037 771 2113 Neque
796 2041 936 2096 enim
958 2058 1149 2116 corpus
1171 2044 1277 2117 ejus
1299 2055 1432 2102 teres
1452 2046 1551 2116 est,
1591 2064 1769 2121 neque
1808 2047 1956 2106 frons
1984 2063 2100 2122 per-

146 2148 319 2206 forata
334 2192 351 2219 ,
388 2147 479 2203 nifi
500 2166 561 2204 os
589 2163 688 2221 pro
710 2146 969 2203 foramine
990 2146 1180 2207 frontis
1201 2149 1400 2208 sumere
1419 2155 1636 2228 placeat.
1676 2155 1729 2212 Si
1753 2157 1934 2230 itaque
1946 2159 2101 2231 juxta

148 2273 356 2313 morem
392 2255 659 2312 nominati
692 2254 773 2310 Cl.
820 2255 932 2311 Viri
972 2256 1380 2330 descriptionem
1419 2264 1596 2316 lernaeae
1635 2265 1932 2338 genericam
1971 2263 2098 2321 dare

147 2376 452 2441 oporteret,
490 2363 608 2421 haee
635 2361 812 2420 forsan
837 2365 1017 2438 inepta
1036 2382 1154 2422 non
1184 2366 1328 2425 esset:
1374 2374 1546 2447 Corpus
1553 2373 1883 2443 fiabovatum,
1908 2374 2097 2447 dorstzm

149 2471 376 2546 labiostmae
390 2516 406 2543 ,
445 2475 696 2528 tentacula
721 2473 954 2540 inflante
977 2475 1070 2529 duo
1094 2478 1396 2547 aurffbrmia,
1635 2538 1638 2540 ,

405 2578 623 2636 Habitat
642 2582 814 2633 lernaea
841 2579 895 2634 in
914 2579 1180 2638 littoribus
1205 2580 1520 2658 scopulosis,
1542 2599 1704 2662 atque
1728 2585 1950 2664 scopulis
1973 2606 2098 2648 ven·

147 2697 228 2743 tre
275 2684 361 2743 seu
392 2686 527 2763 pede
561 2686 776 2758 infidet3
820 2687 1025 2746 elevato
1066 2691 1234 2764 capite
1276 2692 1343 2749 de
1382 2693 1508 2751 loco
1546 2696 1599 2750 in
1629 2696 1814 2753 locum
1849 2711 2097 2756 movetur·

147 2792 486 2853 cochleatum
507 2813 672 2854 more.
744 2797 794 2854 A
817 2796 1148 2856 saevientibus
1176 2798 1331 2857 undis
1359 2800 1540 2876 saepius
1565 2803 1622 2861 in
1644 2802 1786 2864 littus
1804 2806 2097 2881 projicitur.

1099 2907 1140 2964 F
1182 2929 1219 2970 2
1927 2913 2019 2973 ubi

296 3032 367 3086 (⁶)
397 3037 498 3078 Vide
528 3034 691 3092 systema
716 3049 864 3080 naturae
890 3055 928 3095 p.
958 3052 1024 3092 99.
1052 3045 1141 3084 edit.
1169 3043 1295 3084 Parifii
1321 3052 1442 3096 1744.
