2513 3435
389 103 483 160 DE
526 101 694 159 Ovis
737 99 988 178 SQJAU
1029 122 1103 156 ex
1145 98 1330 159 Rufo
1374 121 1587 172 vARn,
1627 101 1727 159 &c.
1922 118 2023 174 151

81 222 238 296 salso,
283 222 607 282 crassiusculo
629 240 691 280 ex
715 222 840 282 albo
863 221 921 280 &
943 223 1224 283 lutescente
1252 224 1433 282 colore
1460 224 1746 300 variegato.
1821 227 2030 303 Qodii

83 350 250 392 ovum
274 334 378 391 tale
398 332 764 407 decoquatur,
799 332 924 388 testa
952 332 1007 388 ὃς
1033 333 1251 390 chordae
1276 334 1513 390 colorem
1543 334 1742 390 luteum
1770 334 1824 389 in
1848 334 2028 392 album

79 452 318 507 mutant,
373 441 638 500 molliores
672 441 836 512 fiunt,
878 452 1038 516 atque
1074 440 1302 516 insipidae
1335 441 1467 497 sunt.
1570 441 1784 499 Humor
1818 461 1943 501 vero
1973 445 2030 501 in

78 550 206 607 testa
228 561 514 608 contentus
538 548 840 607 solidiorem
864 548 1247 607 consistentiam
1276 550 1524 623 acquirit,
1567 550 1624 607 δε
1662 549 1895 608 vitellum
1935 570 2029 608 vo-

77 662 298 719 latilium
323 659 466 734 sapit.
547 658 806 733 Corporis
826 660 1008 732 itaque
1032 657 1414 730 configuratio,
1457 658 1779 715 chordarum
1816 676 2029 734 appara-

80 781 166 827 tus
187 769 243 824 ὃς
269 768 466 824 humor
490 765 545 822 in
570 769 725 838 Borstc
750 768 831 820 del
853 787 983 820 mare
1004 764 1260 821 Italorum
1295 778 1609 836 contentus,
1652 782 1752 823 nec
1778 768 2026 840 non‘ejus

79 880 140 935 in
171 877 373 932 Ventre
388 876 562 953 squali
606 872 726 930 fitus
762 872 880 929 {atis
917 872 1239 946 abundeque
1281 871 1680 944 demonstrant,
1734 873 1875 930 hanc
1912 890 2029 931 non

80 982 275 1042 animal
310 981 656 1056 sui-generis,
697 979 1159 1055 quemadmodum
1195 982 1390 1039 amicus
1427 980 1658 1061 Neapoli
1693 981 1899 1053 retulit,
1942 981 2027 1039 sed

78 1109 248 1151 ovum
260 1095 430 1169 squali
455 1087 566 1148 effe,
643 1087 719 1144 Ut
745 1100 804 1144 ut
830 1107 956 1146 vero
996 1088 1359 1145 commentitia
1396 1087 1660 1163 futilisque
1695 1089 1753 1145 fit
1789 1090 1872 1145 illa
1906 1089 2026 1146 reia„

79 1201 193 1271 tio,
235 1197 485 1274 quaedam
507 1196 996 1271 nihilominus'vera
1020 1195 1146 1254 inse
1184 1196 1622 1271 comprehendit,
1664 1214 1784 1270 quae
1814 1199 2027 1255 minime

77 1307 339 1383 praeterire
361 1303 541 1369 valeo,
583 1304 718 1378 quin
744 1305 854 1361 imo
887 1303 974 1362 illa
995 1303 1234 1384 sequenti
1258 1305 1597 1381 paragrapho
1628 1322 1909 1382 exponam.

937 1456 1003 1548 ὃς.
1055 1456 1178 1529 VI.

81 1620 431 1787 Meminit
458 1620 713 1699 nimirum
737 1622 967 1694 amicus,
1009 1621 1165 1698 quod
1192 1622 1414 1705 npjores
1437 1621 1494 1680 &
1521 1623 1749 1681 minores
1770 1627 1925 1697 Borstz
1953 1626 2034 1679 del

290 1753 422 1787 mare
441 1731 749 1804 capiantur,
781 1728 945 1804 ,quod
976 1729 1057 1788 vel
1090 1730 1276 1804 nigro,
1298 1707 1409 1787 Rvel
1436 1731 1591 1813 albO,
1633 1732 1713 1789 vel
1754 1732 1899 1788 luteo
1934 1744 2025 1791 aut

77 1839 225 1898 fusco
250 1839 432 1899 colore
459 1835 634 1899 tinctae
659 1837 784 1909 lint,
828 1836 985 1912 quod
1010 1837 1065 1893 in
1095 1838 1188 1895 illis
1227 1837 1455 1912 pisciculi
1493 1839 1825 1916 quandoque
1870 1837 2026 1898 nidu-

67 1948 284 2018 lentur,
324 1947 557 2021 denique
582 1946 735 2021 quod
758 1945 1087 2022 potiffimum
1109 1947 1163 2004 in
1191 1946 1454 2004 littoribus
1481 1946 1536 2003 &
1567 1949 1636 2006 ad
1662 1947 1910 2021 scopulos
1949 1950 2022 2004 in-

78 2053 372 2115 venianturss
453 2054 583 2112 Haec
608 2057 793 2113 omnia
817 2071 937 2114 vera
959 2053 1110 2112 sunt:
1153 2057 1360 2113 minora
1381 2055 1544 2131 squali
1569 2074 1672 2115 ova
1694 2055 1864 2129 fuere,
1906 2075 2026 2132 quae

77 2183 141 2222 ex
169 2158 283 2240 ipso
314 2160 451 2236 pisce
482 2144 728 2238 exempta
768 2160 918 2233 sunt,
955 2163 1188 2236 majora,
1244 2182 1364 2238 quae
1401 2164 1626 2240 Pragam
1657 2164 1726 2221 ad
1759 2184 1843 2221 me
1886 2164 2024 2222 miffa

78 2271 227 2342 sunt,
270 2284 386 2326 tum
412 2287 538 2327 vero
565 2268 683 2341 illa,
726 2287 846 2345 quae
869 2289 1030 2329 vacua
1066 2270 1123 2328 &
1157 2271 1305 2328 variis
1343 2272 1659 2346 corporibus
1697 2272 2025 2331 adhaerentia

80 2377 312 2454 Neapoli
337 2377 585 2452 deinceps
605 2380 796 2453 accepi.
870 2377 1109 2434 Maxima
1133 2391 1367 2436 attamen
1398 2381 1637 2458 quinque
1662 2381 1873 2455 pollices
1910 2381 2026 2438 lon·

79 2486 322 2566 gitudine
351 2485 408 2542 8<
429 2503 598 2542 unum
625 2504 749 2542 cum
776 2483 1000 2548 dimidio
1026 2487 1304 2544 latitudine
1322 2506 1440 2545 non
1469 2487 1749 2547 excedunt.

338 2594 514 2670 Qod
536 2594 773 2652 colorem
794 2611 983 2651 eorum
1011 2595 1224 2653 attinet:
1270 2596 1356 2654 hic
1379 2586 1800 2655 omnino'varius
1827 2597 1916 2662 est,
1948 2597 2024 2654 so·

74 2698 162 2761 ‘lus
188 2714 368 2759 tamen
392 2701 558 2758 luteus
595 2701 708 2775 ipsis
745 2698 1016 2767 naturalis,
1059 2703 1245 2778 reliqui
1286 2702 1573 2761 adventitii.
1717 2722 1848 2762 uum
1886 2706 2027 2763 enim

81 2808 437 2866 mediantibus
462 2810 674 2869 chordis
700 2813 754 2868 in
794 2811 1038 2887 quolibet
1076 2812 1180 2868 alio
1222 2829 1449 2888 corpore
1481 2814 1538 2870 in
1570 2815 1699 2869 mari
1734 2813 1902 2869 obvio
1939 2812 2026 2869 ad-

82 2918 346 2989 haereant,
388 2916 605 2984 accidit,
647 2930 706 2974 ut
737 2915 922 2991 saepius
948 2919 1185 2980 colorem
1222 2920 1290 2979 ab
1318 2920 1376 2980 iis
1410 2920 1757 2995 corporibus,
1798 2917 1868 2977 ad
1905 2938 2024 2995 quae

1864 3027 1956 3085 ad-
