2513 3435
887 99 979 162 Da
1036 99 1332 162 LERNAEA.
2015 112 2084 168 Ῑς

394 227 574 303 Atque
599 225 716 283 haec
736 222 794 280 in
817 234 1029 280 externa
1051 221 1341 300 pharyngis
1374 218 1502 282 facie
1535 220 1702 282 oculis
1741 220 2084 296 objiciuntur,

137 352 260 413 quae
281 334 339 393 fit
361 338 465 409 ejus
503 336 708 391 interna
740 329 969 403 fabrica,
999 333 1111 406 jam
1149 329 1348 390 dietum
1386 347 1478 386 eo:
1522 327 1708 404 quo‘dfi
1745 328 1996 404 pharynx
2028 330 2084 386 in

135 444 402 519 superiore
426 443 511 500 seu
534 439 616 496 illa
638 450 818 515 parte,
864 455 989 516 quae
1017 429 1236 496 dorsum
1270 441 1444 496 lemaeae
1466 436 1696 510 respicit,
1728 440 1881 512 juxta
1916 436 2087 511 longi-

133 551 379 610 tudinem
399 546 688 620 stindatur,
720 545 1016 623 jucundam
1040 545 1340 604 admodum
1367 544 1595 607 formam
1623 543 1752 603 visui
1772 543 1946 601 offert.
1989 543 2086 599 Su,-
2109 549 2325 615 figur-123.

133 662 307 733 petius
333 658 527 717 diversa
552 655 740 736 quoad
769 655 1005 715 colorem
1029 652 1279 713 fibrarum
1305 654 1462 711 strata
1498 651 1816 711 admirando
1865 652 2085 709 artificio

132 766 376 845 disposita
399 763 533 822 sunt.
614 765 851 823 Stratum
878 762 1113 837 primum
1145 781 1192 816 a.
1226 779 1289 817 ex
1323 759 1494 817 rubris
1535 760 1907 817 muscularibus
1943 757 2084 817 fibris

132 874 470 948 compactum
493 871 589 944 est,
628 870 782 950 quod
808 871 1025 932 stratum
1063 867 1353 931 candidum
1387 869 1428 924 b.
1465 865 1727 926 tendineis
1767 867 1908 925 fibris
1956 884 2087 925 con-

131 983 378 1040 structum
411 981 635 1054 excipit,
674 979 800 1038 huic
834 979 1142 1054 proximum
1173 978 1243 1037 est
1275 978 1477 1035 luteum
1504 1022 1521 1049 ‚
1574 1001 1613 1032 c.
1658 976 1813 1053 quod
1852 976 2087 1051 denique

132 1090 351 1148 stratum
388 1079 670 1148 caeruleum
707 1091 755 1144 d.
791 1087 1039 1163 sequitur.
1123 1086 1330 1143 Omnia
1365 1085 1541 1144 haecce
1575 1085 1727 1144 strata
1758 1086 1976 1165 proprie
2018 1087 2091 1142 in-

130 1211 311 1256 ternos
331 1200 435 1256 oris
453 1198 674 1273 parietes
696 1198 1026 1259 constituunt
1041 1240 1057 1266 ,
1077 1206 1242 1272 atque
1264 1193 1333 1253 ab
1361 1193 1442 1255 his
1468 1192 1614 1250 fibrae
1642 1193 1815 1254 rubrae
1840 1194 1894 1248 in
1922 1210 2087 1249 mem-

128 1306 310 1365 branae
348 1307 578 1366 formam
613 1305 901 1385 compactae
923 1349 941 1379 ,
1005 1303 1064 1362 &
1102 1304 1156 1358 in
1199 1301 1451 1375 plurimas
1484 1319 1638 1378 rugas
1682 1302 2012 1383 complicatae
2045 1324 2087 1359 e.

129 1415 431 1489 procedunt
446 1458 463 1486 ,
508 1408 723 1471 demum
745 1415 1010 1489 originem
1032 1410 1326 1488 aesophago
1348 1411 1662 1489 praebentes.

386 1522 449 1578 In
473 1522 652 1578 medio
682 1534 846 1598 atque
871 1520 940 1578 ad
962 1519 1123 1577 bafim
1162 1520 1454 1599 pharyngis
1491 1519 1663 1581 fauces
1678 1518 1738 1589 fi
1781 1517 2086 1590 occurrunt,

128 1641 276 1687 nates
298 1627 469 1687 forma
490 1627 578 1685 sua
600 1627 905 1702 referentes,
945 1645 1180 1703 quorum
1205 1645 1340 1709 apex
1369 1646 1431 1691 os
1461 1625 1690 1704 respicit,
1723 1627 1851 1686 basis
1877 1645 2003 1686 vero
2031 1627 2086 1687 in

125 1736 264 1795 duos
289 1739 448 1796 lobos
472 1735 628 1796 divisa
653 1736 821 1795 versus
841 1734 1187 1810 aesophagum
1207 1737 1471 1797 collocata
1499 1739 1583 1797 est.
1627 1737 1770 1796 Inter
1798 1749 2087 1813 utrumque

123 1845 313 1903 lobum
337 1848 472 1904 finus
496 1844 796 1922 profundus
816 1844 1142 1918 relinquitur.
1187 1842 1401 1918 Duplici
1435 1843 1721 1902 substantia
1745 1841 1919 1903 fauces
1951 1860 2081 1902 con-

127 1956 326 2013 structae
351 1954 495 2013 sunt:
523 1972 710 2012 carnea
733 1952 922 2024 rubra,
953 1951 1219 2024 interiori,
1226 1955 1284 2023 fl
1303 1970 1425 2026 quae
1446 1952 1719 2010 lateraliter
1744 1954 2082 2027 conspicitur,

127 2062 185 2120 &
208 2063 552 2137 cartilagenea
574 2084 625 2139 g.
658 2061 969 2133 lutei'cente‚
1012 2061 1321 2136 granulata,
1360 2077 1485 2135 quae
1521 2061 1682 2135 priori
1711 2061 1952 2136 impolita
1991 2062 2082 2124 est,

83 2222 86 2227 .
127 2171 268 2227 Inter
294 2184 577 2245 utramque
602 2169 742 2226 linea
762 2168 883 2226 alba
921 2168 1108 2226 mediae
1147 2169 1281 2224 inter
1319 2169 1681 2243 cartilaginem
1713 2168 1771 2224 δε
1806 2143 2088 2225 tendinem¹

126 2278 470 2336 confistentiae
488 2277 729 2336 decurrit.
807 2277 961 2335 Dum
993 2276 1241 2353 pharynx
1273 2275 1329 2334 in
1371 2293 1430 2332 ea
1462 2288 1639 2352 parte,
1684 2294 1806 2351 quae
1843 2289 2082 2338 ventrem
2103 2287 2253 2355 Figura
2272 2303 2324 2350 4.

129 2390 301 2442 lernaeae
331 2386 562 2459 respicit,
619 2382 916 2454 dissecatur,
970 2383 1184 2441 ulterior
1230 2376 1463 2441 faucium
1499 2376 1749 2445 structura
1786 2385 2081 2461 detegitur3

126 2496 317 2552 cavitas
342 2496 590 2551 nimirum
618 2493 834 2550 interior
858 2492 1096 2562 carneis,
1125 2491 1327 2564 militiai,
1369 2491 1588 2574 duobus
1625 2491 1921 2567 sepimentis
1951 2515 1996 2549 a.
2029 2514 2075 2551 a.

126 2605 334 2659 munita
349 2644 366 2671 ,
406 2620 641 2676 quorum
665 2619 770 2676 ope
795 2600 848 2656 in
868 2613 969 2657 tres
986 2598 1202 2673 proprie
1228 2601 1478 2658 cavitates
1503 2598 1675 2656 fauces
1706 2600 2080 2675 dispescuntur,

127 2723 189 2767 ut
213 2710 265 2766 in
289 2709 454 2767 divisis
477 2707 713 2768 faucibus
739 2709 914 2767 videre
942 2709 1026 2765 est.
1069 2706 1146 2764 Ex
1168 2707 1273 2767 hac
1292 2707 1522 2766 faucium
1549 2707 1797 2763 divisione
1820 2709 2074 2780 elucescit,

130 2835 297 2892 quam
319 2816 453 2893 saepe
474 2817 626 2878 sectio
649 2819 951 2875 anatomica
973 2816 1206 2890 partium
1241 2808 1549 2876 structuram
1573 2829 1768 2873 mutet:
1810 2835 1936 2874 nam
1953 2861 1955 2864 .
1973 2819 2074 2875 hac

131 2926 340 2982 ratione
363 2915 577 2981 diss'eelae
603 2922 776 2983 fauces
800 2928 936 2982 auris
957 2925 1111 2982 instar
1134 2925 1405 2984 eformatae
1425 2927 1688 2997 videntur,
1713 2944 1833 3001 quae
1856 2927 2071 3002 integrae

132 3046 224 3091 aut
242 3033 385 3091 aliter
413 3033 585 3092 divisae
610 3032 860 3092 diversam
888 3031 1096 3109 prorius
1117 3033 1346 3092 formam
1373 3034 1588 3095 habent.
1912 3040 1954 3105 §.
1976 3035 2074 3094 VI.
