2513 3435
448 120 553 180 136
1166 97 1399 155 CAPUT
1464 91 1642 152 VIII.

700 223 884 285 Mense
905 221 1145 298 Augusto
1172 220 1440 297 praecipue
1477 217 1533 274 in
1565 216 1881 294 piscatorum
1923 228 2033 274 rete
2063 219 2237 292 venit,
2279 232 2396 296 quo

450 356 693 418 tempore
720 337 873 394 etiam
898 335 1050 408 plura
1070 333 1177 406 ejus
1196 325 1468 385 individua
1491 327 1687 403 accepi.
1772 328 1979 384 Omnes
2017 325 2172 400 hujus
2213 328 2395 404 speciei

454 452 666 522 Medusa
687 446 820 503 testis
847 445 1022 500 vacuis
1047 441 1237 497 cochleae
1259 436 1825 508 umbilicataefitbalbidae
1835 442 2034 512 punfflis
2065 443 2292 519 cocciqeis
2314 459 2401 493 no·

456 574 570 614 tatae
601 558 649 624 f.
684 552 931 613 infident,
994 561 1158 630 atque
1194 563 1365 601 unum
1410 542 1516 599 fere
1550 561 1742 619 corpus
1773 543 2003 617 respectu
2040 542 2234 601 coloris
2271 563 2399 603 eum

450 663 668 724 cochlea
691 659 1006 717 constituere
1027 654 1290 714 videntur.
1371 651 1510 707 Situs
1530 668 1660 708 vero
1695 651 1968 725 cujuslibet
2001 653 2212 725 Meduste
2248 651 2397 727 super

453 771 672 831 cochlea
699 768 762 823 sic
783 767 831 822 st:
852 765 1038 821 habet:
1080 740 1275 834 corpus
1302 762 1407 834 ejus
1444 758 1798 817 orbiculatum
1839 739 1983 816 labio
2027 759 2130 815 oris
2165 756 2398 816 cochleae

451 884 663 939 interno
686 876 953 942 adhaeret,
995 868 1268 943 palliolum
1288 889 1338 944 g.
1363 885 1492 925 vero
1517 867 1737 941 margini
1759 865 1879 922 labii
1916 867 2116 921 externi
2155 865 2397 941 undique

453 989 666 1047 firmiter
691 984 1007 1058 applicatum
1033 978 1128 1040 est,
1171 977 1242 1032 ita
1269 988 1326 1030 ut
1352 976 1486 1031 inter
1520 990 1716 1046 corpus
1751 972 1988 1029 Medusae
2024 971 2397 1037 orbiculatum,

452 1096 510 1154 &
534 1092 717 1149 faciem
742 1087 942 1166 pallioli
973 1087 1232 1141 internam
1262 1081 1485 1157 spatium
1507 1098 1738 1138 vacuum
1761 1092 1973 1136 maneat
1991 1122 2006 1150 ,
2046 1079 2102 1135 &
2126 1078 2400 1154 palliolum

451 1205 550 1264 veli
589 1200 740 1256 instar
776 1194 1136 1270 expandatur,
1200 1190 1329 1246 dum
1361 1187 1532 1244 hocce
1563 1187 1827 1263 Zoophyton
1863 1187 1918 1242 in
1950 1204 2089 1260 aqua
2127 1199 2397 1258 moratur;

453 1308 687 1371 concidit
707 1321 833 1363 vero
855 1300 1129 1376 palliolum
1156 1297 1547 1372 quamprimum
1573 1294 1702 1352 illud
1731 1313 1794 1351 ex
1819 1312 1958 1369 aqua
1985 1293 2291 1350 extrahitur.

709 1410 909 1469 Pallioli
930 1399 1084 1484 hujus
1110 1404 1354 1481 expanfio
1378 1407 1432 1460 in
1458 1402 1608 1459 causa
1644 1402 1740 1473 est,
1785 1400 1938 1476 quod
1974 1400 2154 1457 nostra
2185 1402 2398 1474 Medusa}

454 1529 510 1586 in
535 1524 718 1583 mediis
740 1520 887 1595 aquis
916 1529 1092 1586 natet,
1133 1514 1189 1571 &
1210 1531 1304 1587 per
1328 1530 1471 1569 mare
1494 1523 1739 1584 vagetur,
1778 1510 1870 1566 ubi
1897 1511 1950 1564 in
1970 1505 2294 1582 piscatorum
2319 1527 2396 1567 re-

454 1632 731 1693 teincidit.
816 1625 990 1703 Qod
1018 1642 1144 1683 vero
1174 1620 1404 1696 praefatae
1426 1617 1658 1675 cochleae
1683 1617 1947 1674 duntaxat
1967 1615 2251 1686 adhaereat,
2282 1633 2399 1690 par-

451 1745 546 1800 tim
571 1738 764 1818 pallioli
801 1735 972 1792 forma
1008 1734 1090 1788 ori
1122 1730 1355 1786 cochleae
1385 1728 1829 1801 proportionata,
1872 1725 2063 1800 partim
2107 1723 2402 1783 conformis

453 1851 730 1920 utriusque
757 1843 909 1900 color
929 1841 1067 1898 ratio
1102 1836 1195 1894 effe
1240 1838 1475 1906 videtur,
1513 1851 1581 1890 ne
1610 1829 1829 1890 fortaffis
1863 1826 2023 1888 molle
2057 1831 2168 1888 hoc
2202 1830 2397 1888 animal

454 1978 485 2016 a
509 1953 741 2014 cochleae
767 1951 892 2006 testa
910 1949 1103 2005 inimici
1126 1946 1435 2020 quicunque
1463 1943 1569 2015 ejus
1592 1941 1672 1996 alii
1699 1939 2094 1996 incolae-marini
2125 1937 2401 2011 dignosce-

455 2078 586 2123 rent.
629 2064 820 2118 Fateor
845 2058 984 2114 hanc
1009 2056 1223 2127 Medusa}
1245 2052 1467 2126 speciem
1492 2048 1675 2105 melius
1697 2045 1958 2104 veliferam
1983 2045 2231 2121 appellari
2257 2045 2398 2120 posse

456 2194 519 2232 ex
542 2191 640 2243 (το,
684 2166 838 2246 quod
877 2163 1147 2241 palliolum
1181 2160 1331 2217 suum
1366 2159 1462 2217 veli
1500 2156 1726 2214 adinstar
1773 2152 2070 2230 expandat3
2112 2170 2182 2208 ne
2218 2166 2400 2211 tamen

459 2284 574 2339 haec
601 2299 721 2338 cum
743 2283 905 2333 urtica
930 2276 1138 2343 velffera
1162 2270 1202 2326 F
1208 2290 1304 2325 Amr
1333 2270 1614 2326 COLUMNAE
1638 2261 2075 2333 confunderetur,
2095 2249 2255 2318 mal‘ui
2281 2281 2398 2319 eam

460 2390 555 2448 sub
581 2388 744 2464 specie
769 2385 1208 2458 Meduſsepalliatae
1233 2393 1551 2453 proponere.

712 2492 893 2550 Liceat
917 2489 1049 2547 mihi
1087 2488 1176 2546 hie
1221 2489 1325 2545 loci
1371 2484 1660 2553 adnotare,
1703 2477 1857 2555 quod
1895 2487 2106 2535 urticam
2142 2482 2398 2550 velzferam

462 2607 601 2664 Fiam
638 2603 917 2658 COLUMNAE
965 2600 1046 2657 Cl.
1083 2599 1309 2655 ancns
1331 2596 1566 2651 CARssuru
1603 2591 1672 2648 (‘)
1711 2587 2042 2658 Armenssam‘,
2084 2586 2307 2642 nomine
2341 2587 2399 2643 in

397 2710 401 2714 ’
465 2711 742 2770 Cefalonia
768 2709 976 2780 ufitatO,
1002 2708 1226 2770 vocitet,
1267 2721 1490 2779 eamque
1520 2702 1587 2759 ab
1614 2697 1787 2756 urticis
1813 2693 2022 2772 separet.
2103 2695 2405 2750 Cure-non

460 2820 653 2890 videO,
692 2836 819 2874 nam
845 2817 878 2872 fi
896 2819 1047 2890 juxta
1075 2814 1222 2871 illum
1247 2829 1450 2869 nomen
1471 2810 1649 2867 urticoe
1677 2804 1894 2883 quidem
1937 2804 2115 2859 mereri
2144 2801 2404 2865 videatur,

460 2941 737 3006 propterea
757 2923 910 3000 quod
932 2924 1012 2979 ori
1034 2921 1337 2997 impositum
1358 2938 1507 2977 more
1525 2918 1808 2976 urticarum
1841 2922 1989 2987 urat,
2029 2911 2201 2971 multo
2237 2910 2404 2983 magis

609 3051 681 3106 (f)
712 3052 809 3094 ‘side
834 3035 1082 3104 aingemein'css
1107 3045 1321 3099 θὶῖαςαςῐη,
1358 3041 1602 3099 Ῑοτενῖβσῐῐ,
2197 3015 2328 3074 illud
