2513 3435
880 102 974 160 DE
1016 100 1312 159 TETHYO.
1959 129 2063 180 131

116 229 372 290 ordinem
417 234 672 281 tenentes.
764 222 957 281 Totius
989 227 1231 300 corporis
1266 222 1419 282 facies
1459 224 1741 284 extrinseca
1776 228 1950 304 aspera
1982 234 2072 304 est,

120 334 349 410 granulis
371 333 456 390 seu
477 330 678 406 papillis
701 332 896 407 exiguis
924 331 1174 405 oblongis
1203 334 1460 391 coccineis
1485 334 1686 394 referta.
1766 336 2073 397 Extremum

120 443 336 517 organis
365 439 667 517 oppositum
692 439 780 496 seu
798 439 926 497 basis
949 438 1259 514 pedunculis
1298 463 1337 495 c.
1374 442 1572 498 variam
1606 441 1834 500 formam
1867 444 2071 504 haben-
2084 463 2233 530 Figura
2263 479 2304 517 ι.

119 551 262 607 tibus
285 548 527 606 instrum
548 548 650 619 est,
692 547 887 622 quibus
909 545 1267 604 mediantibus
1296 546 1452 619 saxis,
1497 548 1713 625 aliisque
1748 553 2065 622 corporibus

121 657 290 715 hocce
319 657 579 732 Zoophyton
598 656 809 713 firmiter
835 654 1044 718 insidet,
1088 655 1160 712 ita
1184 667 1243 712 ut·
1267 654 1470 731 absque
1506 656 1936 731 pedunculorum
1971 676 2067 718 no-

122 779 190 823 xa
216 764 284 821 ab
313 765 369 821 iis
393 762 540 820 avelli
561 774 808 836 nequeat.

376 870 530 926 Cutis
556 869 708 926 craffa
735 869 791 925 δε
828 868 956 925 corii
991 866 1157 926 instar
1185 869 1316 926 dura
1360 868 1466 940 est,
1506 873 1792 930 maximam
1831 872 2067 932 animalis

115 976 312 1036 molem
335 977 670 1034 constituens,
725 979 1006 1035 Interanea
1031 977 1115 1034 vix
1140 975 1383 1053 distingui
1403 976 1648 1051 possunt,
1691 994 1906 1055 excepta
1935 997 2065 1055 qua-

115 1084 244 1142 dam
264 1098 412 1160 parte
433 1084 844 1149 intestiniformi,
886 1101 1008 1158 quae
1030 1084 1196 1156 paulo
1223 1083 1355 1142 infra
1381 1086 1641 1143 orificium
1673 1086 1946 1161 superioris
1972 1106 2060 1144 or-

114 1192 243 1265 gani
270 1192 476 1247 initium
504 1191 738 1264 sumens,
779 1192 848 1249 ad
870 1178 1153 1247 balim'fere
1193 1209 1360 1266 usque
1393 1193 1689 1264 descendit,
1733 1193 1790 1249 δε
1833 1193 1954 1250 inde
1991 1194 2061 1253 ad

116 1298 250 1356 latus
271 1299 517 1356 dextrum
543 1299 768 1356 redeuns
797 1300 851 1355 in
867 1298 1142 1355 'orificium
1167 1298 1254 1354 seu
1277 1317 1544 1374 organum
1577 1300 1787 1359 inferius
1809 1300 2059 1362 inseritur.

113 1404 274 1462 Unde
298 1404 526 1478 superius
552 1424 817 1482 organum
844 1408 975 1470 oris,
1017 1404 1227 1464 inferius
1250 1423 1378 1465 vero
1401 1409 1489 1466 ani
1513 1426 1732 1469 munere
1763 1408 1915 1484 fungi
1943 1427 2061 1469 non

114 1513 207 1571 abs
232 1530 286 1568 re
305 1512 661 1587 conjecturare
684 1513 818 1570 licet.

362 1618 648 1677 Piscatores
674 1620 816 1677 hanc
846 1621 1011 1692 Tethyi
1048 1618 1272 1693 speciem
1303 1624 1469 1677 limone
1500 1626 1555 1678 di
1581 1643 1713 1679 mare
1741 1636 1956 1681 vocant.
2009 1623 2058 1683 A

111 1730 396 1803 JoNs-roNO
424 1728 493 1784 (⁰)
515 1717 768 1784 mentulae
817 1729 1031 1786 marinae
1066 1728 1289 1786 nomine
1326 1729 1438 1804 Fig.
1463 1731 1532 1788 ΙΙ.
1575 1730 1797 1793 indicari
1833 1733 2057 1792 videtur.

111 1839 179 1900 In
199 1837 328 1897 cibis
349 1835 499 1895 usum
528 1853 645 1893 non
670 1836 848 1896 habet.
1048 1834 1056 1842 '

955 1986 1021 2074 ὃς.
1089 1984 1217 2056 111.

56 2164 64 2171 ·
145 2222 149 2225 ι
264 2149 393 2209 ltera
419 2150 586 2222 Tethyi
610 2148 798 2222 species
824 2165 992 2205 unum
1019 2152 1264 2226 pollicem
1290 2166 1413 2210 cum
1443 2150 1625 2208 decem
1651 2153 1795 2212 lineis
1822 2156 2055 2230 longitu-
2068 2167 2219 2235 Figura
2245 2183 2288 2233 3.

305 2258 457 2328 dine,
480 2257 538 2313 δε
562 2256 783 2313 sedecim
805 2257 966 2321 lineas
990 2258 1266 2316 latitudine
1292 2257 1586 2333 aflequitur.
1641 2260 1892 2320 Formam
1915 2283 2056 2322 com-

112 2366 331 2441 pressam
367 2366 543 2422 habet.
624 2363 770 2418 Tota
807 2364 931 2422 levis
965 2367 1065 2437 est,
1106 2366 1330 2441 eleganti
1368 2368 1625 2424 coccineo
1659 2368 1841 2426 colore
1872 2372 2053 2445 uncia,

113 2473 173 2531 &
197 2475 438 2549 gelatinae
463 2472 532 2530 ad
557 2473 712 2530 instar
729 2470 1015 2545 pellucida,
1060 2475 1289 2548 ejusdem
1311 2473 1606 2531 substantiae
1632 2495 1696 2534 ac
1719 2483 1886 2535 Pulmo
1907 2487 2060 2536 mari-

113 2594 206 2638 nus
230 2581 460 2637 Mathiolz·
491 2581 855 2652 aliorumque,
898 2579 984 2636 seu
1019 2581 1206 2639 mediae
1239 2583 1372 2638 inter
1407 2584 1688 2656 gelatinam
1716 2585 1773 2641 δε
1808 2588 2056 2663 cartilagi-

112 2706 238 2748 nem
259 2688 611 2745 confistentiae.
692 2688 915 2762 Organa
951 2691 1057 2763 ejus
1088 2689 1332 2765 oblonga
1370 2689 1518 2761 sunt,
1558 2692 1689 2747 rima
1724 2691 1810 2749 seu
1851 2694 2054 2750 orificio

115 2793 488 2871 longitudinali
508 2819 555 2854 a.
583 2773 907 2855 asinstrucia,
981 2796 1149 2854 Labia
1170 2795 1495 2856 orificiorum
1529 2799 1722 2875 rugosa
1753 2801 1906 2861 nullis
1939 2803 2054 2875 pilis

955 2904 1004 2960 R
1050 2926 1081 2962 2
1868 2926 1978 2968 mu-

263 3033 332 3088 (’)
363 3037 463 3079 Vide
486 3038 530 3078 L.
565 3037 631 3077 IV.
652 3037 698 3080 de
720 3036 970 3094 Exanguibus
986 3049 1108 3094 aquar.
1133 3040 1228 3082 Tab.
1254 3041 1336 3081 XX.
