2513 3435
888 94 982 151 DE
1024 93 1281 151 HYDRA.
1987 113 2059 174 35

115 228 357 297 paratum
384 216 623 274 intestina
647 213 852 274 alterius
877 217 1111 274 animalis
1137 217 1253 282 effe,
1295 217 1362 275 ab
1394 219 1571 292 Hydra
1611 216 1863 293 deglutita
1902 235 2061 298 atque

114 328 306 385 iterum
342 338 561 383 excreta.
641 322 746 380 Sed
782 341 958 399 neque
989 324 1104 381 haec
1139 325 1231 382 diu
1261 325 1416 383 firmo
1452 325 1563 384 talo
1604 326 1738 383 stetit
1772 330 2058 403 cogitatio:

115 452 239 492 nam
264 435 318 490 in
339 451 497 508 quem
528 430 686 489 finem
718 429 997 489 devoraret
1023 435 1200 503 Hydra
1228 433 1400 491 similia
1444 432 1660 495 fercula,
1705 435 1739 490 fi
1772 434 1888 494 haec
1925 437 2060 493 indi-

113 541 253 617 gesta
282 540 482 597 rursum
508 559 537 596 e
565 555 791 614 corpore
824 539 1086 596 eliminare
1112 553 1400 616 cogeretur.
1485 541 1737 599 Praeterea
1775 543 2060 619 impropor-

111 650 378 707 tionatum
401 649 579 721 ffldrae
604 648 819 722 corpori
844 648 981 704 foret
1005 647 1106 704 tale
1129 651 1545 718 nutrimentum3
1588 649 1817 723 denique
1854 651 1949 708 ubi
1976 664 2061 708 tot

111 757 355 813 intestina
378 753 774 831 apprehendere
793 754 963 826 posset
1007 755 1247 812 nostrum
1289 757 1580 833 Zoophyton,
1620 758 1708 814 nisi
1750 756 1915 833 ipsum
1948 759 2060 815 ani·

109 866 214 921 mal
236 863 380 921 simul
404 862 710 938 deglutiret,
752 864 896 937 cujus
921 876 1100 919 tamen
1124 881 1192 919 ne
1211 858 1490 923 minimum
1510 865 1780 939 vestigium
1815 882 2057 940 unquam

112 945 458 1047 deprehendi.
547 972 598 1027 Si
637 988 762 1028 vero
804 970 931 1027 illud
968 970 1226 1045 digestum
1258 971 1398 1029 fuisse
1432 973 1547 1048 quis
1583 986 1909 1043 autumaret,
1964 989 2057 1029 cur

109 1098 225 1136 non
250 1078 430 1155 quaeso
458 1078 513 1134 δε
542 1077 648 1154 ipsa
675 1077 916 1133 intestina
938 1091 1141 1135 mutata
1167 1078 1321 1137 sunt?
1365 1079 1464 1138 hac
1490 1082 1669 1155 itaque
1696 1080 1896 1136 rursum
1917 1077 2057 1136 missa

109 1187 398 1259 opinione,
440 1186 510 1241 ad
533 1184 685 1241 aliam
707 1182 954 1259 confugi,
997 1203 1158 1258 quam
1184 1185 1377 1243 firmius
1399 1187 1727 1262 perstituram
1766 1190 1943 1260 primo
1977 1187 2057 1242 in-

109 1295 263 1350 stanti
286 1293 573 1368 sperabam.
650 1291 919 1349 Nimirum
949 1292 1101 1367 quod
1120 1292 1332 1350 forsitan
1352 1292 1580 1368 praefatoe
1619 1306 1788 1369 partes
1815 1294 2055 1352 ovarium

109 1400 301 1458 forent.
381 1400 472 1456 Ast
502 1417 568 1456 en
599 1416 799 1456 novam
825 1399 1184 1456 difficultatem
1203 1445 1220 1473 ,
1275 1420 1395 1476 quae
1428 1419 1557 1457 mox
1595 1414 1913 1477 conceptam
1946 1401 2057 1474 opi»-

106 1511 326 1565 nionem
351 1508 430 1566 vel
459 1508 669 1577 evertit,
715 1506 795 1564 vel
830 1506 1160 1564 retinendam
1205 1511 1430 1566 maxime
1463 1509 1680 1567 arduam
1715 1509 1900 1567 reddit.
1979 1509 2056 1567 Ut

109 1616 244 1692 quid
265 1618 320 1673 in
340 1614 551 1672 animali
575 1627 685 1672 tam
705 1615 899 1690 exiguo
924 1615 1033 1671 imo
1055 1617 1109 1671 in
1135 1617 1500 1690 plantanimali
1526 1631 1703 1674 tantus
1726 1618 1794 1675 ad
1829 1616 1932 1673 suae
1953 1605 2056 1692 spe-

106 1724 199 1780 ciei
240 1723 695 1781 conservationem
735 1723 966 1795 partium
1003 1726 1322 1796 apparatus?
1375 1743 1495 1799 quae
1530 1724 1746 1781 demum
1778 1741 1892 1799 pars
1932 1741 2058 1799 pro-

104 1829 219 1903 prie
243 1830 481 1887 ovarium
511 1830 619 1885 est?
665 1847 734 1886 an
758 1829 963 1903 globuli
998 1828 1282 1888 albicantes
1316 1831 1371 1887 in
1405 1831 1713 1887 mesenterio
1749 1828 2054 1903 conspicui?

107 1949 284 1993 utrum
318 1954 446 1994 vero
479 1937 772 1995 intestinula
807 1937 980 1993 caeca?
1020 1953 1188 1993 unum
1227 1936 1305 1995 vel
1344 1937 1563 1995 alterum
1598 1938 1820 1995 statuere
1852 1938 2055 2013 absque

106 2043 442 2101 ulterioribus
475 2043 933 2102 observationibus
963 2044 1296 2101 temerarium
1332 2044 1426 2102 esse
1462 2045 1790 2122 reputabam.
1894 2045 2055 2103 Unde

105 2149 163 2206 &
192 2150 394 2207 hancce
417 2152 732 2222 opinionem
764 2152 941 2224 rejeci,
990 2164 1152 2225 atque
1187 2152 1324 2208 illam
1364 2152 1580 2209 demum
1618 2152 1888 2224 amplexus
1926 2156 2055 2216 sum,

108 2256 259 2331 quod
284 2258 495 2332 propria
520 2257 759 2314 intestina
787 2260 967 2331 Hydra
996 2271 1255 2315 excernat.
1310 2259 1506 2316 fateor
1529 2260 1691 2316 habet
1715 2258 1772 2315 &
1795 2260 1913 2316 haec
1935 2259 2051 2317 suas

108 2363 467 2434 difficultateS,
504 2362 700 2439 suaque
720 2364 1006 2436 obstacula,
1048 2365 1081 2422 fi
1104 2365 1370 2441 sequentia
1393 2367 1682 2424 luculenter
1708 2367 2045 2442 pensitemus:

107 2472 333 2545 primum
360 2472 511 2546 quod
538 2485 726 2528 contra
761 2489 1072 2530 communes
1104 2488 1308 2530 naturae
1351 2475 1487 2549 leges
1523 2475 1609 2543 fit,
1653 2487 1712 2530 ut
1744 2475 1906 2530 ullum
1939 2475 2048 2532 ani-

106 2579 210 2634 mal
230 2579 446 2650 propria
470 2579 709 2636 intestina
733 2597 849 2636 non
875 2593 1157 2654 corrupta,
1197 2581 1285 2638 sed
1317 2583 1520 2655 integra
1564 2582 1620 2637 ὃ(
1652 2583 1720 2639 ab
1755 2582 2070 2658 aesophago'

110 2684 177 2741 ad
204 2702 367 2740 anum
389 2703 554 2758 usque
579 2688 836 2744 continua
861 2700 1020 2763 atque
1043 2707 1073 2744 a
1096 2688 1305 2763 reliquis
1330 2689 1565 2763 partibus
1589 2688 1784 2747 divulsa
1804 2689 2048 2747 secernat.

109 2791 284 2870 Qod
313 2793 472 2848 etiam
497 2806 554 2849 ut
579 2792 697 2865 fiat,
740 2814 807 2852 eo
831 2797 996 2870 magis
1021 2795 1311 2871 imposibile
1335 2796 1570 2868 videtur,
1615 2816 1728 2871 quo
1770 2799 1942 2853 minus
1966 2797 2044 2853 vel

108 2898 318 2972 concipi
340 2899 532 2973 potest,
573 2903 859 2975 quomodo
883 2904 939 2960 id
973 2902 1079 2959 fieri
1114 2917 1302 2980 queat,
1348 2904 1480 2962 sanis
1520 2905 1893 2979 apparentibus
1929 2922 2047 2959 om-

1017 3009 1060 3065 L
1110 3024 1137 3078 3
1899 3011 1980 3067 ni-
