2513 3435
928 104 1023 162 Dr.
1069 101 1364 160 LtRNAEA.
2038 119 2112 181 1‘7

157 244 320 312 pore3
362 228 555 306 quodsi
592 227 732 284 enim
764 223 1264 299 perpendiculariter
1302 225 1529 299 erigatur
1563 224 1757 281 animal
1796 228 2110 288 ventriculus

161 342 320 399 etiam
352 333 844 414 perpendicularem
870 347 980 387 una
1006 348 1132 388 cum
1157 330 1450 406 aesophago
1487 330 1638 389 {itum
1667 336 1903 409 acquirit.

415 440 732 518 Longitudo
751 437 1025 496 ventriculi
1060 455 1122 494 ex
1143 439 1373 494 maxima
1396 441 1567 493 lernaea
1586 442 1812 514 exempti
1838 440 1976 499 duos
1995 442 2106 518 pol·

157 551 306 623 lices,
345 564 447 609 tres
466 549 626 606 lineas
648 547 844 618 habet,
885 544 1039 602 fundi
1067 545 1321 602 diameter
1341 543 1589 617 pollicem
1610 563 1778 604 unum
1821 566 1943 606 cum
1977 550 2108 610 dua-

157 658 259 717 bus
277 658 452 728 linei5‚
490 655 762 730 angustior
781 672 911 713 vero
936 656 1042 729 ejus
1064 654 1247 729 portio
1280 676 1319 708 c.
1342 670 1510 728 prope
1543 655 1891 716 ventriculum
1923 656 2107 716 iecun-

158 766 287 825 dum
310 765 491 829 decem
530 766 688 822 lineas
723 761 1017 837 assequitur.
1099 760 1400 817 Substantia
1437 763 1543 834 ejus
1575 764 1979 822 membranacea
2015 766 2106 839 est,

155 870 416 947 pellucida
430 915 448 943 ,
489 870 632 929 fibris
655 870 1002 928 albicantibus
1028 868 1420 941 compaginata.
1493 868 1820 928 Extrinsecus
1843 871 1990 929 fibrae
2009 873 2108 930 cir-

155 980 353 1039 culares
384 982 433 1036 d.
457 981 507 1035 d.
532 995 784 1051 magnam
809 975 1082 1034 ventriculi
1104 989 1312 1048 partem
1332 976 1745 1052 amplectuntur,
1785 980 1844 1034 in
1862 975 2107 1036 inferiore

157 1105 285 1147 veto
310 1087 460 1144 fundi
478 1087 724 1162 portione
746 1084 893 1143 fibrae
925 1065 1334 1158 longitudinales
1383 1110 1424 1142 e.
1463 1084 1567 1141 fitae
1604 1085 1753 1157 sunt,
1794 1104 1915 1163 quae
1948 1088 2108 1144 etiam

157 1197 424 1252 internum
448 1194 715 1253 ventriculi
741 1193 993 1270 parietem
1015 1192 1323 1264 investium,
1365 1204 1527 1267 atque
1557 1197 1836 1266 pauciores
1862 1214 2025 1271 quam
2050 1198 2108 1254 in

155 1301 446 1379 aesophago
472 1319 629 1378 rugas
657 1300 910 1359 formant.

403 1413 478 1467 ‘In
503 1408 677 1468 fundo
702 1409 977 1469 ventriculi
1000 1408 1142 1468 bulla
1166 1426 1316 1467 aerea
1316 1410 1376 1479 f.
1394 1407 1716 1483 conspicitur
1733 1451 1746 1474 ,
1786 1427 1908 1485 quae
1928 1408 2104 1485 liquo-

156 1516 198 1573 ri
221 1514 542 1574 viridescenti
562 1517 690 1574 salso
712 1520 934 1576 innatat.
1018 1517 1227 1593 Liquor
1250 1517 1338 1576 hic
1359 1535 1554 1593 magna
1574 1537 1638 1574 ex
1664 1530 1815 1592 parte
1835 1537 1974 1594 aqua
1996 1537 2107 1576 ma-

157 1626 269 1682 rina
288 1625 390 1698 est,
430 1626 575 1697 cujus
603 1622 787 1681 salsum
806 1624 1046 1701 saporem
1066 1629 1272 1685 retinet.
1355 1627 1571 1699 Aquam
1598 1643 1726 1683 vero
1765 1626 2020 1683 marinam
2055 1628 2111 1685 in

155 1733 449 1792 ventriculo
472 1737 648 1788 lernaeae
683 1735 944 1792 contineri
976 1735 1219 1792 dubium«
1240 1750 1358 1791 non
1387 1734 1484 1791 est:
1527 1736 1788 1808 quoniam
1824 1734 2110 1791 nutrimen-

159 1853 276 1898 tum
299 1840 449 1897 suum
474 1840 532 1896 in
554 1842 681 1899 mari
705 1843 912 1912 haurit,
955 1843 1083 1899 hinc
1108 1860 1215 1899 una
1239 1859 1362 1900 cum
1386 1859 1452 1898 eo
1476 1860 1677 1917 aquam
1702 1841 1941 1916 deglutit.
2019 1841 2111 1899 Vi·

160 1948 282 2005 ridis
304 1965 431 2006 vero
456 1948 673 2023 liquoris
708 1949 765 2005 in
787 1949 1082 2007 ventriculo
1107 1952 1349 2007 contenti
1375 1948 1527 2006 color
1548 1969 1577 2007 a
1604 1949 1752 2008 variis
1784 1942 1920 2007 ¹sucis
1955 1951 2111 2008 mari-

159 2061 267 2130 niS‚
307 2073 447 2131 quos
481 2069 667 2132 praeter
703 2058 868 2114 multa
907 2058 1004 2115 alia
1033 2059 1227 2116 animal
1256 2059 1494 2116 nostrum
1530 2058 1782 2129 devorat,
1834 2059 2113 2133 provenire

160 2166 384 2227 videtur.
459 2165 660 2221 Mirum
684 2178 918 2222 attamen
942 2167 1046 2223 est:
1093 2168 1245 2241 quod
1268 2169 1322 2224 in
1351 2165 1529 2238 nu110‚
1570 2178 1852 2241 quotquot
1882 2165 2108 2239 diffecni,

162 2272 452 2333 ventriculo
475 2273 652 2346 primo
676 2286 863 2348 praeter
889 2274 1088 2332 dietum
1109 2274 1371 2350 liquorem
1393 2276 1592 2351 aliquid
1613 2275 1680 2332 de
1716 2273 1923 2332 alterius
1952 2293 2110 2352 gene-

160 2383 228 2440 ris
247 2382 573 2439 nutrimento
595 2381 1066 2459 deprehenderim,
1106 2382 1244 2439 bene
1281 2401 1408 2441 vero
1447 2383 1504 2440 in
1542 2382 1834 2440 ventriculo
1874 2382 2108 2441 stcundo

164 2487 222 2545 &
245 2490 302 2546 in
322 2488 585 2546 intestinis».
668 2491 880 2568 Qodsi
901 2492 1161 2549 duntaxat
1186 2491 1503 2550 ventriculos
1524 2497 1802 2548 lernaearum
1826 2492 1915 2550 diu
1940 2494 1997 2550 in
2021 2511 2110 2551 va-

163 2595 438 2654 se'marina
462 2599 662 2674 repleto
688 2599 1024 2657 detentarum
1047 2598 1408 2672 disl‘ecuiffem,
1449 2619 1540 2658 eos
1561 2619 1756 2659 vacuos
1792 2602 1916 2659 inde
1949 2602 2109 2677 conji-

165 2722 366 2775 cerem,
407 2705 560 2780 quod
583 2726 705 2765 cum
727 2708 972 2765 animalia
989 2705 1170 2765 haecce
1194 2707 1364 2781 longo
1389 2710 1643 2782 temporis
1668 2708 1946 2766 intervallo
1967 2708 2111 2766 nulla

167 2812 334 2870 solida
366 2814 687 2873 nutrimenta
710 2814 955 2874 affumere
977 2818 1278 2892 potuerint,
1329 2817 1469 2892 prius
1492 2816 1677 2874 hausta
1703 2838 1730 2874 e
1766 2820 1940 2894 primo
1990 2834 2111 2874 ven-

168 2921 360 2981 triculo
380 2924 436 2979 in
465 2921 756 2981 secundum
780 2923 989 3000 delapsa
1009 2925 1134 2997 fint3
1184 2939 1490 2983 remanente
1521 2926 1637 2984 solo
1654 2926 1882 2999 praefato
1907 2926 2115 3001 liquore

1161 3035 1211 3091 C
1900 3053 2038 3112 aqua
