<?xml version="1.0" encoding="UTF-8"?>
<!DOCTYPE html PUBLIC "-//W3C//DTD XHTML 1.0 Transitional//EN"
    "http://www.w3.org/TR/xhtml1/DTD/xhtml1-transitional.dtd">
<html xmlns="http://www.w3.org/1999/xhtml" xml:lang="en" lang="en">
 <head>
  <title>
</title>
<meta http-equiv="Content-Type" content="text/html;charset=utf-8" />
  <meta name='ocr-system' content='tesseract 3.04.00' />
  <meta name='ocr-capabilities' content='ocr_page ocr_carea ocr_par ocr_line ocrx_word'/>
</head>
<body>
  <div class='ocr_page' id='page_1' title='image "./dequibusdamanima00boh_0088.png"; bbox 0 0 2513 3435; ppageno 0'>
   <div class='ocr_carea' id='block_1_1' title="bbox 390 84 1775 198">
    <p class='ocr_par' dir='ltr' id='par_1_1' title="bbox 390 84 1775 198">
     <span class='ocr_line' id='line_1_1' title="bbox 390 84 1775 198; baseline -0.006 -19"><span class='ocrx_word' id='word_1_1' title='bbox 390 138 461 198; x_wconf 75' lang='lat'>64</span> <span class='ocrx_word' id='word_1_2' title='bbox 957 112 1298 174; x_wconf 58' lang='lat' dir='ltr'>emm-11.</span> <span class='ocrx_word' id='word_1_3' title='bbox 1351 134 1422 171; x_wconf 78' lang='lat' dir='ltr'>DE</span> <span class='ocrx_word' id='word_1_4' title='bbox 1465 84 1775 172; x_wconf 67' lang='lat' dir='ltr'>FrivlniuA.</span> 
     </span>
    </p>
   </div>
   <div class='ocr_carea' id='block_1_2' title="bbox 393 231 2364 1505">
    <p class='ocr_par' dir='ltr' id='par_1_2' title="bbox 393 231 2349 642">
     <span class='ocr_line' id='line_1_2' title="bbox 393 231 2340 321; baseline -0.008 -13"><span class='ocrx_word' id='word_1_5' title='bbox 393 268 481 309; x_wconf 89' lang='lat' dir='ltr'>me</span> <span class='ocrx_word' id='word_1_6' title='bbox 503 260 709 305; x_wconf 84' lang='lat' dir='ltr'>tacente</span> <span class='ocrx_word' id='word_1_7' title='bbox 735 241 1031 321; x_wconf 84' lang='lat' dir='ltr'>perspiciet,</span> <span class='ocrx_word' id='word_1_8' title='bbox 1073 236 1202 296; x_wconf 91' lang='lat' dir='ltr'>illud</span> <span class='ocrx_word' id='word_1_9' title='bbox 1227 255 1255 294; x_wconf 86' lang='lat' dir='ltr'>a</span> <span class='ocrx_word' id='word_1_10' title='bbox 1287 237 1410 292; x_wconf 82' lang='lat' dir='ltr'>labio</span> <span class='ocrx_word' id='word_1_11' title='bbox 1447 237 1553 311; x_wconf 87' lang='lat' dir='ltr'>ejus</span> <span class='ocrx_word' id='word_1_12' title='bbox 1564 236 1816 308; x_wconf 75' lang='lat' dir='ltr'>fimbriato</span> <span class='ocrx_word' id='word_1_13' title='bbox 1851 231 2191 308; x_wconf 86' lang='lat' dir='ltr'>desumptum</span> <span class='ocrx_word' id='word_1_14' title='bbox 2231 233 2340 293; x_wconf 82' lang='lat' dir='ltr'>effe.</span> 
     </span>
     <span class='ocr_line' id='line_1_3' title="bbox 395 342 2343 436; baseline -0.007 -22"><span class='ocrx_word' id='word_1_15' title='bbox 395 355 574 436; x_wconf 87' lang='lat' dir='ltr'>Qod</span> <span class='ocrx_word' id='word_1_16' title='bbox 597 354 713 413; x_wconf 88' lang='lat' dir='ltr'>licet</span> <span class='ocrx_word' id='word_1_17' title='bbox 735 352 849 410; x_wconf 83' lang='lat' dir='ltr'>satis</span> <span class='ocrx_word' id='word_1_18' title='bbox 875 349 1133 408; x_wconf 88' lang='lat' dir='ltr'>idoneum</span> <span class='ocrx_word' id='word_1_19' title='bbox 1159 363 1276 402; x_wconf 90' lang='lat' dir='ltr'>non</span> <span class='ocrx_word' id='word_1_20' title='bbox 1307 343 1395 417; x_wconf 79' lang='lat' dir='ltr'>fit,</span> <span class='ocrx_word' id='word_1_21' title='bbox 1434 346 1700 420; x_wconf 89' lang='lat' dir='ltr'>optimum</span> <span class='ocrx_word' id='word_1_22' title='bbox 1726 357 1942 414; x_wconf 83' lang='lat' dir='ltr'>tamen,</span> <span class='ocrx_word' id='word_1_23' title='bbox 1983 360 2106 400; x_wconf 89' lang='lat' dir='ltr'>cum</span> <span class='ocrx_word' id='word_1_24' title='bbox 2137 342 2343 419; x_wconf 79' lang='lat' dir='ltr'>aliquot</span> 
     </span>
     <span class='ocr_line' id='line_1_4' title="bbox 393 451 2349 532; baseline -0.007 -8"><span class='ocrx_word' id='word_1_25' title='bbox 393 483 546 524; x_wconf 91' lang='lat' dir='ltr'>novo</span> <span class='ocrx_word' id='word_1_26' title='bbox 567 460 870 520; x_wconf 85' lang='lat' dir='ltr'>animalium</span> <span class='ocrx_word' id='word_1_27' title='bbox 891 457 1067 532; x_wconf 79' lang='lat' dir='ltr'>generi</span> <span class='ocrx_word' id='word_1_28' title='bbox 1092 454 1336 513; x_wconf 88' lang='lat' dir='ltr'>dandum</span> <span class='ocrx_word' id='word_1_29' title='bbox 1359 453 1506 525; x_wconf 80' lang='lat' dir='ltr'>esset,</span> <span class='ocrx_word' id='word_1_30' title='bbox 1547 452 1825 512; x_wconf 83' lang='lat' dir='ltr'>videbatur</span> <span class='ocrx_word' id='word_1_31' title='bbox 1861 465 2169 526; x_wconf 85' lang='lat' dir='ltr'>propterea,</span> <span class='ocrx_word' id='word_1_32' title='bbox 2193 451 2349 528; x_wconf 90' lang='lat' dir='ltr'>quod</span> 
     </span>
     <span class='ocr_line' id='line_1_5' title="bbox 398 561 1759 642; baseline -0.011 -12"><span class='ocrx_word' id='word_1_33' title='bbox 398 574 554 630; x_wconf 82' lang='lat' dir='ltr'>unius</span> <span class='ocrx_word' id='word_1_34' title='bbox 577 570 756 626; x_wconf 77' lang='lat' dir='ltr'>saltem</span> <span class='ocrx_word' id='word_1_35' title='bbox 781 568 941 642; x_wconf 85' lang='lat' dir='ltr'>partis</span> <span class='ocrx_word' id='word_1_36' title='bbox 967 564 1452 638; x_wconf 85' lang='lat' dir='ltr'>configurationem</span> <span class='ocrx_word' id='word_1_37' title='bbox 1474 561 1682 618; x_wconf 87' lang='lat' dir='ltr'>indicet.</span> <span class='ocrx_word' id='word_1_38' title='bbox 1755 624 1759 629; x_wconf 14' lang='lat' dir='ltr'>y</span> 
     </span>
    </p>

    <p class='ocr_par' dir='ltr' id='par_1_3' title="bbox 397 638 2364 1505">
     <span class='ocr_line' id='line_1_6' title="bbox 652 638 2364 746; baseline -0.007 -12"><span class='ocrx_word' id='word_1_39' title='bbox 652 677 899 734; x_wconf 88' lang='lat' dir='ltr'>Dubium</span> <span class='ocrx_word' id='word_1_40' title='bbox 924 690 1078 737; x_wconf 79' lang='lat' dir='ltr'>vem,</span> <span class='ocrx_word' id='word_1_41' title='bbox 1120 668 1275 746; x_wconf 91' lang='lat' dir='ltr'>quod</span> <span class='ocrx_word' id='word_1_42' title='bbox 1314 668 1583 744; x_wconf 86' lang='lat' dir='ltr'>sequentia</span> <span class='ocrx_word' id='word_1_43' title='bbox 1628 667 1942 725; x_wconf 62' lang='lat' dir='ltr'>Romarm</span> <span class='ocrx_word' id='word_1_44' title='bbox 1985 665 2177 738; x_wconf 79' lang='lat' dir='ltr'>verba,</span> <span class='ocrx_word' id='word_1_45' title='bbox 2216 638 2364 744; x_wconf 20' lang='lat' dir='ltr'>quod*</span> 
     </span>
     <span class='ocr_line' id='line_1_7' title="bbox 398 778 2347 864; baseline -0.007 -19"><span class='ocrx_word' id='word_1_46' title='bbox 398 796 451 845; x_wconf 78' lang='lat' dir='ltr'>in</span> <span class='ocrx_word' id='word_1_47' title='bbox 470 795 638 864; x_wconf 79' lang='lat' dir='ltr'>partis</span> <span class='ocrx_word' id='word_1_48' title='bbox 656 790 846 861; x_wconf 75' lang='lat' dir='ltr'>sitpinae</span> <span class='ocrx_word' id='word_1_49' title='bbox 865 785 981 855; x_wconf 77' lang='lat' dir='ltr'>ftre</span> <span class='ocrx_word' id='word_1_50' title='bbox 1009 783 1161 837; x_wconf 78' lang='lat' dir='ltr'>medio</span> <span class='ocrx_word' id='word_1_51' title='bbox 1195 781 1336 835; x_wconf 80' lang='lat' dir='ltr'>vides</span> <span class='ocrx_word' id='word_1_52' title='bbox 1368 780 1437 850; x_wconf 76' lang='lat' dir='ltr'>&#39;est</span> <span class='ocrx_word' id='word_1_53' title='bbox 1474 800 1552 848; x_wconf 87' lang='lat' dir='ltr'>os,</span> <span class='ocrx_word' id='word_1_54' title='bbox 1575 780 1872 854; x_wconf 74' lang='lat' dir='ltr'>fhprapofi&#39;ta</span> <span class='ocrx_word' id='word_1_55' title='bbox 1909 783 1981 831; x_wconf 82' lang='lat' dir='ltr'>ori</span> <span class='ocrx_word' id='word_1_56' title='bbox 1999 794 2122 853; x_wconf 76' lang='lat' dir='ltr'>pars</span> <span class='ocrx_word' id='word_1_57' title='bbox 2157 778 2347 838; x_wconf 77' lang='lat' dir='ltr'>alveus,</span> 
     </span>
     <span class='ocr_line' id='line_1_8' title="bbox 398 882 2348 973; baseline -0.007 -22"><span class='ocrx_word' id='word_1_58' title='bbox 398 899 559 973; x_wconf 79' lang='lat' dir='ltr'>qualis</span> <span class='ocrx_word' id='word_1_59' title='bbox 579 897 779 970; x_wconf 76' lang='lat' dir='ltr'>instpia</span> <span class='ocrx_word' id='word_1_60' title='bbox 805 893 1092 968; x_wconf 38' lang='lat' dir='ltr'>ovifiz&#39;gura,</span> <span class='ocrx_word' id='word_1_61' title='bbox 1115 890 1218 963; x_wconf 76' lang='lat' dir='ltr'>ſsd</span> <span class='ocrx_word' id='word_1_62' title='bbox 1236 895 1289 943; x_wconf 79' lang='lat' dir='ltr'>in</span> <span class='ocrx_word' id='word_1_63' title='bbox 1315 886 1504 943; x_wconf 77' lang='lat' dir='ltr'>ambitu</span> <span class='ocrx_word' id='word_1_64' title='bbox 1545 901 1799 948; x_wconf 66' lang='lat' dir='ltr'>crematus,</span> <span class='ocrx_word' id='word_1_65' title='bbox 1843 883 2037 958; x_wconf 82' lang='lat' dir='ltr'>legenti</span> <span class='ocrx_word' id='word_1_66' title='bbox 2069 883 2217 940; x_wconf 86' lang='lat' dir='ltr'>facile</span> <span class='ocrx_word' id='word_1_67' title='bbox 2246 882 2348 940; x_wconf 89' lang='lat' dir='ltr'>ob-</span> 
     </span>
     <span class='ocr_line' id='line_1_9' title="bbox 397 991 2346 1078; baseline -0.007 -18"><span class='ocrx_word' id='word_1_68' title='bbox 397 1005 572 1063; x_wconf 88' lang='lat' dir='ltr'>venire</span> <span class='ocrx_word' id='word_1_69' title='bbox 599 999 792 1078; x_wconf 84' lang='lat' dir='ltr'>poffet,</span> <span class='ocrx_word' id='word_1_70' title='bbox 833 999 904 1056; x_wconf 90' lang='lat' dir='ltr'>est</span> <span class='ocrx_word' id='word_1_71' title='bbox 927 998 1061 1056; x_wconf 89' lang='lat' dir='ltr'>hoc:</span> <span class='ocrx_word' id='word_1_72' title='bbox 1106 994 1259 1071; x_wconf 89' lang='lat' dir='ltr'>quod</span> <span class='ocrx_word' id='word_1_73' title='bbox 1282 992 1478 1050; x_wconf 85' lang='lat' dir='ltr'>forsan-</span> <span class='ocrx_word' id='word_1_74' title='bbox 1512 1028 1514 1035; x_wconf 39' lang='grc' dir='ltr'><em>ι</em></span> <span class='ocrx_word' id='word_1_75' title='bbox 1569 1008 1691 1048; x_wconf 90' lang='lat' dir='ltr'>eum</span> <span class='ocrx_word' id='word_1_76' title='bbox 1714 993 1932 1048; x_wconf 81' lang='lat' dir='ltr'>Fimbriae</span> <span class='ocrx_word' id='word_1_77' title='bbox 1957 1011 1987 1048; x_wconf 91' lang='lat' dir='ltr'>a</span> <span class='ocrx_word' id='word_1_78' title='bbox 2011 991 2346 1046; x_wconf 70' lang='lat' dir='ltr'>RoNDELmo</span> 
     </span>
     <span class='ocr_line' id='line_1_10' title="bbox 398 1099 2349 1183; baseline -0.007 -14"><span class='ocrx_word' id='word_1_79' title='bbox 398 1111 577 1169; x_wconf 78' lang='lat' dir='ltr'>fistulae</span> <span class='ocrx_word' id='word_1_80' title='bbox 597 1107 747 1183; x_wconf 81' lang='lat' dir='ltr'>sepiae</span> <span class='ocrx_word' id='word_1_81' title='bbox 770 1104 1099 1164; x_wconf 80' lang='lat' dir='ltr'>assimilatum</span> <span class='ocrx_word' id='word_1_82' title='bbox 1119 1120 1222 1176; x_wconf 91' lang='lat' dir='ltr'>pro</span> <span class='ocrx_word' id='word_1_83' title='bbox 1242 1120 1335 1159; x_wconf 88' lang='lat' dir='ltr'>ore</span> <span class='ocrx_word' id='word_1_84' title='bbox 1353 1099 1487 1168; x_wconf 65' lang='lat' dir='ltr'>hab⁴</span> <span class='ocrx_word' id='word_1_85' title='bbox 1534 1099 1650 1170; x_wconf 82' lang='lat' dir='ltr'>rim,</span> <span class='ocrx_word' id='word_1_86' title='bbox 1675 1100 1800 1158; x_wconf 88' lang='lat' dir='ltr'>hinc</span> <span class='ocrx_word' id='word_1_87' title='bbox 1824 1102 1881 1158; x_wconf 90' lang='lat' dir='ltr'>in</span> <span class='ocrx_word' id='word_1_88' title='bbox 1907 1099 2218 1156; x_wconf 84' lang='lat' dir='ltr'>definitione</span> <span class='ocrx_word' id='word_1_89' title='bbox 2242 1099 2349 1173; x_wconf 87' lang='lat' dir='ltr'>ejus</span> 
     </span>
     <span class='ocr_line' id='line_1_11' title="bbox 398 1207 2349 1294; baseline -0.007 -17"><span class='ocrx_word' id='word_1_90' title='bbox 398 1219 534 1278; x_wconf 87' lang='lat' dir='ltr'>male</span> <span class='ocrx_word' id='word_1_91' title='bbox 560 1215 824 1294; x_wconf 84' lang='lat' dir='ltr'>posuerim</span> <span class='ocrx_word' id='word_1_92' title='bbox 863 1236 938 1268; x_wconf 82' lang='lat' dir='ltr'>ore</span> <span class='ocrx_word' id='word_1_93' title='bbox 970 1213 1132 1267; x_wconf 78' lang='lat' dir='ltr'><em>tubulo</em></span> <span class='ocrx_word' id='word_1_94' title='bbox 1157 1234 1210 1280; x_wconf 82' lang='lat' dir='ltr'>o,</span> <span class='ocrx_word' id='word_1_95' title='bbox 1251 1227 1374 1266; x_wconf 90' lang='lat' dir='ltr'>cum</span> <span class='ocrx_word' id='word_1_96' title='bbox 1402 1210 1555 1282; x_wconf 83' lang='lat' dir='ltr'>juxta</span> <span class='ocrx_word' id='word_1_97' title='bbox 1589 1207 1810 1266; x_wconf 83' lang='lat' dir='ltr'>citatum</span> <span class='ocrx_word' id='word_1_98' title='bbox 1844 1208 2133 1264; x_wconf 64' lang='lat' dir='ltr'>Auc‘corem</span> <span class='ocrx_word' id='word_1_99' title='bbox 2171 1207 2349 1264; x_wconf 78' lang='lat' dir='ltr'>alveus</span> 
     </span>
     <span class='ocr_line' id='line_1_12' title="bbox 398 1315 2349 1391; baseline -0.006 -7"><span class='ocrx_word' id='word_1_100' title='bbox 398 1325 512 1384; x_wconf 87' lang='lat' dir='ltr'>talis</span> <span class='ocrx_word' id='word_1_101' title='bbox 541 1323 612 1381; x_wconf 85' lang='lat' dir='ltr'>fit.</span> <span class='ocrx_word' id='word_1_102' title='bbox 692 1322 779 1380; x_wconf 92' lang='lat' dir='ltr'>Ad</span> <span class='ocrx_word' id='word_1_103' title='bbox 817 1321 1041 1380; x_wconf 90' lang='lat' dir='ltr'>dubium</span> <span class='ocrx_word' id='word_1_104' title='bbox 1077 1319 1248 1377; x_wconf 88' lang='lat' dir='ltr'>hocce</span> <span class='ocrx_word' id='word_1_105' title='bbox 1279 1318 1460 1391; x_wconf 88' lang='lat' dir='ltr'>itaque</span> <span class='ocrx_word' id='word_1_106' title='bbox 1492 1315 1937 1388; x_wconf 84' lang='lat' dir='ltr'>praecavendum,</span> <span class='ocrx_word' id='word_1_107' title='bbox 1975 1327 2122 1371; x_wconf 88' lang='lat' dir='ltr'>certo</span> <span class='ocrx_word' id='word_1_108' title='bbox 2159 1315 2349 1372; x_wconf 86' lang='lat' dir='ltr'>certius</span> 
     </span>
     <span class='ocr_line' id='line_1_13' title="bbox 399 1421 2350 1505; baseline -0.008 -13"><span class='ocrx_word' id='word_1_109' title='bbox 399 1432 607 1493; x_wconf 75' lang='lat' dir='ltr'>asserere</span> <span class='ocrx_word' id='word_1_110' title='bbox 630 1430 867 1505; x_wconf 75' lang='lat' dir='ltr'>possum,</span> <span class='ocrx_word' id='word_1_111' title='bbox 904 1427 1059 1504; x_wconf 92' lang='lat' dir='ltr'>quod</span> <span class='ocrx_word' id='word_1_112' title='bbox 1082 1424 1283 1482; x_wconf 81' lang='lat' dir='ltr'>nullam</span> <span class='ocrx_word' id='word_1_113' title='bbox 1305 1423 1458 1479; x_wconf 86' lang='lat' dir='ltr'>aliam</span> <span class='ocrx_word' id='word_1_114' title='bbox 1480 1423 1538 1478; x_wconf 86' lang='lat' dir='ltr'>in</span> <span class='ocrx_word' id='word_1_115' title='bbox 1574 1435 1721 1498; x_wconf 90' lang='lat' dir='ltr'>parte</span> <span class='ocrx_word' id='word_1_116' title='bbox 1741 1424 1960 1480; x_wconf 56' lang='lat' dir='ltr'>Fimbriae</span> <span class='ocrx_word' id='word_1_117' title='bbox 1990 1421 2177 1495; x_wconf 85' lang='lat' dir='ltr'>supina</span> <span class='ocrx_word' id='word_1_118' title='bbox 2208 1437 2350 1495; x_wconf 88' lang='lat' dir='ltr'>aper-</span> 
     </span>
    </p>
   </div>
   <div class='ocr_carea' id='block_1_3' title="bbox 399 1527 2461 1613">
    <p class='ocr_par' dir='ltr' id='par_1_4' title="bbox 399 1527 2461 1613">
     <span class='ocr_line' id='line_1_14' title="bbox 399 1527 2461 1613; baseline -0.009 -13"><span class='ocrx_word' id='word_1_119' title='bbox 399 1556 603 1613; x_wconf 81' lang='lat' dir='ltr'>turam,</span> <span class='ocrx_word' id='word_1_120' title='bbox 643 1553 703 1597; x_wconf 88' lang='lat' dir='ltr'>ut</span> <span class='ocrx_word' id='word_1_121' title='bbox 739 1550 798 1594; x_wconf 91' lang='lat' dir='ltr'>ut</span> <span class='ocrx_word' id='word_1_122' title='bbox 830 1548 1056 1593; x_wconf 86' lang='lat' dir='ltr'>conatus</span> <span class='ocrx_word' id='word_1_123' title='bbox 1090 1533 1212 1601; x_wconf 82' lang='lat' dir='ltr'>fim,</span> <span class='ocrx_word' id='word_1_124' title='bbox 1252 1529 1495 1606; x_wconf 81' lang='lat' dir='ltr'>detegere</span> <span class='ocrx_word' id='word_1_125' title='bbox 1527 1530 1830 1603; x_wconf 89' lang='lat' dir='ltr'>potuerim,</span> <span class='ocrx_word' id='word_1_126' title='bbox 1872 1547 1993 1605; x_wconf 86' lang='lat' dir='ltr'>quae</span> <span class='ocrx_word' id='word_1_127' title='bbox 2024 1530 2130 1586; x_wconf 89' lang='lat' dir='ltr'>oris</span> <span class='ocrx_word' id='word_1_128' title='bbox 2163 1527 2350 1585; x_wconf 89' lang='lat' dir='ltr'>officio</span> <span class='ocrx_word' id='word_1_129' title='bbox 2391 1571 2394 1575; x_wconf 87' lang='lat'>.</span> <span class='ocrx_word' id='word_1_130' title='bbox 2457 1545 2461 1553; x_wconf 66' lang='grc'>’·</span> 
     </span>
    </p>
   </div>
   <div class='ocr_carea' id='block_1_4' title="bbox 398 1636 2351 2465">
    <p class='ocr_par' dir='ltr' id='par_1_5' title="bbox 398 1636 2351 2465">
     <span class='ocr_line' id='line_1_15' title="bbox 398 1636 2349 1725; baseline -0.008 -17"><span class='ocrx_word' id='word_1_131' title='bbox 398 1649 547 1724; x_wconf 84' lang='lat' dir='ltr'>fimgi</span> <span class='ocrx_word' id='word_1_132' title='bbox 572 1647 752 1725; x_wconf 67' lang='lat' dir='ltr'>poss&#39;et.</span> <span class='ocrx_word' id='word_1_133' title='bbox 833 1647 969 1723; x_wconf 87' lang='lat' dir='ltr'>Qo</span> <span class='ocrx_word' id='word_1_134' title='bbox 989 1654 1167 1699; x_wconf 85' lang='lat' dir='ltr'>autem</span> <span class='ocrx_word' id='word_1_135' title='bbox 1193 1638 1391 1695; x_wconf 84' lang='lat' dir='ltr'>firmius</span> <span class='ocrx_word' id='word_1_136' title='bbox 1421 1639 1776 1715; x_wconf 88' lang='lat' dir='ltr'>comprobem</span> <span class='ocrx_word' id='word_1_137' title='bbox 1807 1637 2055 1694; x_wconf 82' lang='lat' dir='ltr'>tubulum</span> <span class='ocrx_word' id='word_1_138' title='bbox 2082 1643 2125 1709; x_wconf 62' lang='grc' dir='ltr'>ς.</span> <span class='ocrx_word' id='word_1_139' title='bbox 2150 1637 2238 1694; x_wconf 90' lang='lat'>111.</span> <span class='ocrx_word' id='word_1_140' title='bbox 2263 1636 2349 1694; x_wconf 85' lang='lat' dir='ltr'>de-</span> 
     </span>
     <span class='ocr_line' id='line_1_16' title="bbox 398 1731 2350 1832; baseline -0.009 -15"><span class='ocrx_word' id='word_1_141' title='bbox 398 1758 647 1832; x_wconf 81' lang='lat' dir='ltr'>scriptum</span> <span class='ocrx_word' id='word_1_142' title='bbox 671 1731 732 1812; x_wconf 69' lang='lat' dir='ltr'>os</span> <span class='ocrx_word' id='word_1_143' title='bbox 753 1753 972 1811; x_wconf 77' lang='lat' dir='ltr'>fimbriae</span> <span class='ocrx_word' id='word_1_144' title='bbox 997 1747 1120 1819; x_wconf 82' lang='lat' dir='ltr'>effe,</span> <span class='ocrx_word' id='word_1_145' title='bbox 1159 1746 1378 1820; x_wconf 75' lang='lat' dir='ltr'>sequens</span> <span class='ocrx_word' id='word_1_146' title='bbox 1414 1757 1473 1801; x_wconf 91' lang='lat' dir='ltr'>ut</span> <span class='ocrx_word' id='word_1_147' title='bbox 1505 1744 1772 1802; x_wconf 83' lang='lat' dir='ltr'>adducam</span> <span class='ocrx_word' id='word_1_148' title='bbox 1808 1745 2222 1820; x_wconf 81' lang='lat' dir='ltr'>experimentum</span> <span class='ocrx_word' id='word_1_149' title='bbox 2255 1761 2350 1800; x_wconf 88' lang='lat' dir='ltr'>ne-</span> 
     </span>
     <span class='ocr_line' id='line_1_17' title="bbox 401 1850 2348 1934; baseline -0.007 -11"><span class='ocrx_word' id='word_1_150' title='bbox 401 1863 588 1924; x_wconf 75' lang='lat' dir='ltr'>cessum</span> <span class='ocrx_word' id='word_1_151' title='bbox 615 1865 710 1919; x_wconf 88' lang='lat' dir='ltr'>est:</span> <span class='ocrx_word' id='word_1_152' title='bbox 764 1861 896 1918; x_wconf 89' lang='lat' dir='ltr'>dum</span> <span class='ocrx_word' id='word_1_153' title='bbox 920 1857 1112 1934; x_wconf 90' lang='lat' dir='ltr'>stylum</span> <span class='ocrx_word' id='word_1_154' title='bbox 1131 1855 1314 1911; x_wconf 87' lang='lat' dir='ltr'>leniter</span> <span class='ocrx_word' id='word_1_155' title='bbox 1341 1852 1397 1908; x_wconf 90' lang='lat' dir='ltr'>in</span> <span class='ocrx_word' id='word_1_156' title='bbox 1419 1852 1665 1910; x_wconf 91' lang='lat' dir='ltr'>tubulum</span> <span class='ocrx_word' id='word_1_157' title='bbox 1697 1851 2001 1925; x_wconf 81' lang='lat' dir='ltr'>introduxi,</span> <span class='ocrx_word' id='word_1_158' title='bbox 2041 1866 2201 1929; x_wconf 85' lang='lat' dir='ltr'>atque</span> <span class='ocrx_word' id='word_1_159' title='bbox 2223 1850 2348 1909; x_wconf 67' lang='lat' dir='ltr'>dein</span> 
     </span>
     <span class='ocr_line' id='line_1_18' title="bbox 401 1959 2349 2038; baseline -0.007 -8"><span class='ocrx_word' id='word_1_160' title='bbox 401 1972 678 2031; x_wconf 74' lang='lat' dir='ltr'>abdomen</span> <span class='ocrx_word' id='word_1_161' title='bbox 722 1967 927 2027; x_wconf 83' lang='lat' dir='ltr'>diffecui</span> <span class='ocrx_word' id='word_1_162' title='bbox 951 2009 968 2036; x_wconf 91' lang='lat'>,</span> <span class='ocrx_word' id='word_1_163' title='bbox 1036 1961 1280 2038; x_wconf 83' lang='lat' dir='ltr'>apparuit</span> <span class='ocrx_word' id='word_1_164' title='bbox 1328 1959 1488 2032; x_wconf 87' lang='lat' dir='ltr'>stylus</span> <span class='ocrx_word' id='word_1_165' title='bbox 1533 1960 1589 2017; x_wconf 91' lang='lat' dir='ltr'>in</span> <span class='ocrx_word' id='word_1_166' title='bbox 1625 1960 1918 2016; x_wconf 82' lang='lat' dir='ltr'>ventriculo</span> <span class='ocrx_word' id='word_1_167' title='bbox 1960 1959 2349 2036; x_wconf 88' lang='lat' dir='ltr'>lyripipiformi.</span> 
     </span>
     <span class='ocr_line' id='line_1_19' title="bbox 403 2065 2351 2151; baseline -0.007 -15"><span class='ocrx_word' id='word_1_168' title='bbox 403 2079 566 2138; x_wconf 84' lang='lat' dir='ltr'>Unde</span> <span class='ocrx_word' id='word_1_169' title='bbox 590 2079 708 2135; x_wconf 79' lang='lat' dir='ltr'>lieet</span> <span class='ocrx_word' id='word_1_170' title='bbox 728 2076 942 2151; x_wconf 88' lang='lat' dir='ltr'>ipsemet</span> <span class='ocrx_word' id='word_1_171' title='bbox 963 2070 1170 2128; x_wconf 85' lang='lat' dir='ltr'>afferere</span> <span class='ocrx_word' id='word_1_172' title='bbox 1199 2083 1319 2123; x_wconf 90' lang='lat' dir='ltr'>non</span> <span class='ocrx_word' id='word_1_173' title='bbox 1350 2065 1580 2136; x_wconf 83' lang='lat' dir='ltr'>valeam,</span> <span class='ocrx_word' id='word_1_174' title='bbox 1619 2066 1673 2121; x_wconf 88' lang='lat' dir='ltr'>in</span> <span class='ocrx_word' id='word_1_175' title='bbox 1699 2083 1935 2140; x_wconf 82' lang='lat' dir='ltr'>quanam</span> <span class='ocrx_word' id='word_1_176' title='bbox 1961 2068 2178 2123; x_wconf 62' lang='lat' dir='ltr'>Fimbriae</span> <span class='ocrx_word' id='word_1_177' title='bbox 2199 2077 2351 2141; x_wconf 89' lang='lat' dir='ltr'>parte</span> 
     </span>
     <span class='ocr_line' id='line_1_20' title="bbox 623 2173 2127 2247; baseline -0.01 -2"><span class='ocrx_word' id='word_1_178' title='bbox 623 2187 771 2247; x_wconf 77' lang='lat' dir='ltr'>faeces</span> <span class='ocrx_word' id='word_1_179' title='bbox 795 2187 990 2242; x_wconf 85' lang='lat' dir='ltr'>exitum</span> <span class='ocrx_word' id='word_1_180' title='bbox 1013 2177 1276 2245; x_wconf 80' lang='lat' dir='ltr'>habeant,</span> <span class='ocrx_word' id='word_1_181' title='bbox 1316 2173 1385 2232; x_wconf 85' lang='lat' dir='ltr'>de</span> <span class='ocrx_word' id='word_1_182' title='bbox 1403 2173 1635 2246; x_wconf 88' lang='lat' dir='ltr'>praefato</span> <span class='ocrx_word' id='word_1_183' title='bbox 1657 2173 1851 2231; x_wconf 89' lang='lat' dir='ltr'>tubulo</span> <span class='ocrx_word' id='word_1_184' title='bbox 1889 2185 2127 2233; x_wconf 84' lang='lat' dir='ltr'>attamen</span> 
     </span>
     <span class='ocr_line' id='line_1_21' title="bbox 804 2269 1883 2355; baseline -0.009 -7"><span class='ocrx_word' id='word_1_185' title='bbox 804 2269 807 2271; x_wconf 22' lang='lat'><strong><em>⁴</em></strong></span> <span class='ocrx_word' id='word_1_186' title='bbox 888 2289 1106 2348; x_wconf 87' lang='lat' dir='ltr'>minime</span> <span class='ocrx_word' id='word_1_187' title='bbox 1148 2282 1375 2353; x_wconf 83' lang='lat' dir='ltr'>dubitO,</span> <span class='ocrx_word' id='word_1_188' title='bbox 1417 2281 1572 2355; x_wconf 90' lang='lat' dir='ltr'>quod</span> <span class='ocrx_word' id='word_1_189' title='bbox 1611 2299 1675 2341; x_wconf 92' lang='lat' dir='ltr'>os</span> <span class='ocrx_word' id='word_1_190' title='bbox 1715 2281 1883 2343; x_wconf 87' lang='lat' dir='ltr'>nostri</span> 
     </span>
     <span class='ocr_line' id='line_1_22' title="bbox 1210 2384 1604 2465; baseline 0.003 -20"><span class='ocrx_word' id='word_1_191' title='bbox 1210 2390 1435 2465; x_wconf 76' lang='lat' dir='ltr'>Zoophyti</span> <span class='ocrx_word' id='word_1_192' title='bbox 1463 2388 1536 2448; x_wconf 82' lang='lat' dir='ltr'>fit.</span> <span class='ocrx_word' id='word_1_193' title='bbox 1600 2384 1604 2386; x_wconf 10' lang='lat' dir='ltr'>Y</span> 
     </span>
    </p>
   </div>
   <div class='ocr_carea' id='block_1_5' title="bbox 1091 2566 1620 2866">
    <p class='ocr_par' dir='ltr' id='par_1_6' title="bbox 1091 2566 1620 2866">
     <span class='ocr_line' id='line_1_23' title="bbox 1091 2566 1620 2866; baseline 0 569"><span class='ocrx_word' id='word_1_194' title='bbox 1091 2566 1620 2866; x_wconf 95' lang='lat' dir='ltr'> </span> 
     </span>
    </p>
   </div>
   <div class='ocr_carea' id='block_1_6' title="bbox 2112 3009 2257 3094">
    <p class='ocr_par' dir='ltr' id='par_1_7' title="bbox 2112 3009 2257 3094">
     <span class='ocr_line' id='line_1_24' title="bbox 2112 3009 2257 3094; baseline -0.007 0"><span class='ocrx_word' id='word_1_195' title='bbox 2112 3009 2257 3094; x_wconf 85' lang='lat' dir='ltr'>CA-</span> 
     </span>
    </p>
   </div>
  </div>
 </body>
</html>
