2513 3435
967 90 1063 149 DE
1114 88 1347 149 PENNA.
2064 122 2133 178 99

166 225 421 291 praeterea
460 228 588 271 vero
625 229 743 271 non
787 208 1074 285 perspicio,
1114 229 1205 269 cur
1244 214 1326 272 CI.
1370 215 1608 273 LINNAEUS
1648 217 1905 293 adjectivo
1942 230 2122 298 potius

167 323 367 399 illoque
407 321 724 379 diminutivo
763 319 1010 389 nomine,
1052 333 1236 378 contra
1273 325 1490 399 pmpria
1526 326 1810 401 principia,
1863 329 1995 388 illud
2030 354 2121 411 ap.

163 430 383 505 pellare,
426 446 589 503 quam
617 438 766 484 vetus
793 442 996 483 nomen
1023 425 1404 490 substantivum
1429 433 1652 488 retinere
1672 433 1911 494 voluerit.
1977 441 2116 502 Sane

163 549 274 592 tam
308 553 530 614 parvum
555 535 751 592 animal
772 551 891 592 non
917 533 1011 597 est,
1058 547 1118 590 ut
1160 535 1533 596 diminutivum
1572 557 1777 598 nomen
1813 562 2114 622 mereretur,

162 644 219 702 δε
247 643 453 702 millena
479 641 580 699 alia
621 642 866 699 animalia
903 659 970 700 eo
1007 643 1180 701 multo
1216 645 1428 704 minora
1468 643 1614 715 sunt,
1657 649 1851 724 quibus
1889 653 1971 711 Cl.
2014 657 2111 725 Vir
2142 684 2146 687 ’

161 751 539 810 diminutivum
561 766 679 805 non
705 750 909 822 adjecit.

411 857 627 935 Qodfi
652 874 777 915 vero
802 859 1067 935 Zoophytm
1090 859 1227 917 Tab.
1256 860 1405 919 VIII.
1429 861 1695 939 depictum
1724 880 1961 938 pennam
1970 873 2108 943 stra-

151 968 327 1025 thionis
364 980 456 1025 aut
469 966 695 1040 ‚alterius
723 964 947 1025 volatilis
974 984 1092 1024 non
1124 967 1242 1026 fitis
1276 969 1511 1027 aemulari
1549 975 1777 1048 cuipiam
1822 976 2109 1052 videbitur,

152 1089 211 1133 ut
238 1076 365 1133 inde
390 1092 593 1132 nomen
622 1065 811 1129 Pennae'
832 1088 1144 1134 mereretur:
1188 1093 1282 1132 cur
1321 1075 1504 1150 quaeso
1539 1093 1744 1139 naturoe
1778 1082 2107 1145 curiosorum

151 1181 300 1240 facile
321 1182 581 1258 Principes
605 1183 661 1239 in
683 1181 1016 1256 designandis
1039 1202 1081 1240 e.
1107 1202 1157 1259 g.
1178 1183 1556 1242 Testaceorum
1585 1190 1876 1260 generibus
1898 1193 2103 1266 labyrin.

150 1293 253 1362 tbi,
291 1291 482 1348 baccini
495 1335 511 1361 ,
554 1296 660 1363 lyrae
673 1335 690 1361 ‚
731 1293 937 1364 caffidae,
981 1298 1149 1364 auris,
1184 1294 1413 1358 demam,
1454 1299 1692 1358 melinis,
1735 1301 1950 1371 musculi.
2035 1300 2103 1358 Et

149 1400 304 1476 quod
330 1401 498 1474 magis
522 1398 826 1454 mirandum
849 1398 942 1454 est:
989 1403 1135 1472 Solis,
1179 1407 1355 1465 Lunae,
1397 1406 1572 1467 Stellae,
1614 1410 1868 1470 Mammae‚
1905 1415 2102 1481 nobluae,

149 1511 368 1585 ttgridis,
415 1507 693 1580 millepedir‚
736 1512 1026 1569 cucumeris,
1049 1508 1168 1578 fici,
1210 1512 1345 1564 olivae
1370 1510 1438 1563 Γ)
1465 1521 1627 1585 atque
1646 1511 1890 1572 firnilibus
1925 1518 2100 1578 nomi·

143 1615 301 1672 nibus
325 1614 394 1673 ufi
416 1614 549 1671 sunt.
594 1612 681 1668 An
703 1612 922 1669 testacea
965 1615 1080 1671 haec
1116 1616 1282 1690 magis
1314 1615 1545 1675 formam
1589 1636 1881 1695 corporum
1918 1639 2101 1697 reprae-

145 1723 390 1779 sentant?
431 1739 665 1794 quorum
692 1723 914 1778 nomina
942 1720 1146 1792 ferunt,
1187 1722 1308 1780 fitne
1327 1726 1557 1784 minime.
1637 1728 1798 1786 Unde
1832 1730 1866 1787 fi
1902 1732 2008 1789 aliis
2043 1731 2101 1787 li-

146 1831 309 1888 cuerit
332 1829 554 1885 nomina
580 1829 650 1885 ab
674 1829 781 1885 aliis
806 1829 1122 1901 corporibus
1144 1833 1404 1904 mutuari,
1447 1849 1681 1907 quorum
1713 1835 1849 1912 saepe
1874 1837 2102 1897 formam

144 1938 367 1995 testacea
401 1956 469 1995 ne
504 1936 693 1993 umbra
729 1936 947 2012 quidem
981 1935 1354 2013 asi‘equuntur3
1391 1939 1545 2000 liceat
1578 1961 1804 2020 quoque
1832 1946 1961 2002 mihi
1998 1963 2101 2003 no·

143 2063 268 2103 men
282 2048 394 2119 jam
423 2045 492 2102 ab
513 2046 741 2120 antiquis
768 2046 981 2118 optimo
1010 2047 1130 2120 jure
1152 2047 1337 2105 nostro
1364 2051 1592 2126 Zoqvhyto
1628 2053 1941 2128 adaptatum
1979 2057 2098 2112 reti·

142 2133 282 2213 nere.
367 2152 669 2227 Siquidem,
711 2166 770 2208 ut
797 2171 920 2209 cum
959 2152 1407 2213 RONDELET10('*)
1441 2157 1661 2234 loquar,
1702 2170 1860 2235 aptius
1898 2183 1960 2217 ac
1992 2185 2095 2218 con-

143 2269 421 2317 venientius
442 2281 608 2315 nomen
631 2282 725 2317 non
748 2269 1003 2343 inveneras
1066 2263 1119 2320 Si
1144 2275 1380 2323 attamen
1408 2266 1550 2323 aliud
1575 2283 1777 2324 nomen
1813 2268 1883 2325 illi
1910 2270 2095 2340 adjice-

141 2387 197 2427 re
232 2369 461 2441 cuipiam
497 2366 736 2434 arriserit,
787 2369 844 2426 id
879 2369 1059 2442 faciat,
1113 2391 1204 2447 per
1235 2392 1320 2430 me
1351 2374 1495 2431 licet:
1539 2376 1696 2432 etiam
1733 2378 2093 2435 Ams-rorrtrM

142 2477 397 2554 appellet,
435 2476 470 2532 fi
493 2477 876 2534 Botanicorum
898 2479 1161 2540 licentiam
1191 2482 1281 2539 fibi
1305 2501 1552 2558 arrogare
1579 2484 1724 2550 velit,
1765 2487 1823 2544 ὃς
1849 2505 2094 2562 arrogare

140 2585 283 2662 poffe
305 2598 569 2643 autumet:
613 2598 670 2642 ut
692 2603 838 2643 nova
867 2588 1174 2646 animalium
1197 2609 1389 2665 genera
1416 2596 1632 2666 cognita
1668 2593 1814 2665 licet,
1855 2595 1945 2652 sed
1975 2613 2093 2653 non

139 2705 261 2768 apte
283 2692 633 2750 denominata
655 2693 712 2750 &
734 2692 988 2769 destripta
1012 2716 1339 2772 magnorum
1378 2705 1614 2760 virorum
1649 2703 1960 2760 nominibus
2003 2704 2093 2761 de-

138 2814 410 2860 notentur.
487 2804 667 2878 Atque
691 2816 820 2864 tunc
843 2807 1183 2865 Aius-fortiss
1212 2825 1325 2882 prae
1347 2811 1598 2869 omnibus
1622 2824 1872 2876 meretur,
1917 2827 1973 2868 ut
2012 2811 2091 2869 vel

1022 2914 1077 2971 N
1122 2938 1159 2977 2
1913 2919 2017 2980 hac

357 2982 372 3032 )
403 2987 502 3027 vide
524 2989 664 3040 JAcom
688 2989 845 3032 Timon.
866 2988 1048 3034 >Kuzmu
1075 2995 1293 3036 Tentamen
1316 2993 1485 3038 method.
1512 2995 1809 3053 ostragologicae.

336 3040 377 3090 ')
407 3045 451 3084 L.
480 3045 547 3084 VI·
576 3046 670 3099 Cap.
699 3047 803 3087 V111.

323 2983 346 3005 *

290 2986 332 3093 ξ.
