2513 3435
393 98 500 150 106
1175 85 1403 144 CAPUT
1456 88 1558 146 VI.

391 211 524 271 nudi
548 207 864 288 apparebat,
892 224 1013 285 quae
1038 205 1231 265 eodem
1259 208 1467 285 prorsus
1492 208 1664 268 modo
1685 223 1898 269 motum
1923 207 2074 270 suum
2101 214 2341 278 absolvit.

392 321 589 399 Qum
615 319 776 378 Zona
809 315 924 376 haec
955 316 1196 393 undique
1220 316 1559 377 vehementer
1584 314 1859 378 constrffim
1898 320 1980 386 fit,
2038 326 2239 398 evenit,
2281 341 2345 386 ut

392 425 549 500 supra
581 446 695 485 eam
731 438 946 485 truncus
980 426 1319 500 intumescat,
1360 428 1418 486 &
1453 446 1593 505 cepae
1638 428 1796 486 veluti
1832 427 2346 506 formam‘acq'uirat.

395 533 575 609 Atque
607 534 734 592 inde
771 548 1017 612 apparet,
1059 554 1122 592 ac
1155 535 1189 590 fi
1231 536 1423 611 globus
1461 534 1681 612 quidam
1711 537 1985 612 paululum
2026 541 2343 612 compreffus

397 657 492 718 per
518 643 688 700 trunci
713 643 936 700 tracium
956 654 1274 702 moveretur.
1356 644 1442 702 Ab
1466 644 1566 704 hac
1583 646 1758 702 trunci
1781 646 2150 704 constriclione
2169 647 2350 707 Zonae'

399 750 549 808 color
572 749 769 807 intente
793 752 1195 827 tuberquoque
1216 748 1499 825 dependet.
1581 752 1726 810 Cum
1759 754 1924 817 enim,
1959 766 2019 810 ut
2054 754 2209 828 supra
2238 775 2347 814 me-

401 859 559 930 mini,
600 859 731 916 cutis
757 860 932 915 trunci
965 860 1276 917 extrinsecus
1308 858 1545 932 plurimis
1583 861 1789 934 papillis
1830 864 2106 936 purpureis
2138 859 2350 937 scateat,

398 966 565 1041 spatia
587 986 714 1026 vero
740 967 1047 1025 intermedia
1071 967 1246 1025 albida
1273 968 1395 1038 fint3
1437 969 1492 1024 in
1526 969 1895 1035 constrictione
1925 971 2049 1043 ejus>
2069 969 2185 1028 haec
2219 972 2350 1029 cutis

399 1075 563 1152 spatia
599 1074 907 1133 intermedia
948 1075 1329 1146 obliterantur,
1373 1075 1430 1132 δε
1451 1076 1754 1152 papillaead
1785 1075 1834 1134 se
1868 1078 2089 1135 invicem
2127 1077 2348 1154 propius

399 1183 694 1254 accedunt3
736 1180 1120 1257 consequenter
1145 1181 1332 1240 harum
1356 1183 1618 1241 duntaxat
1667 1183 1815 1242 color
1848 1198 2144 1260 purpureus
2182 1185 2350 1242 oculis

397 1286 676 1365 objicitur,
717 1290 774 1347 δε
799 1289 1043 1350 intenfior
1066 1303 1297 1366 apparet.
1371 1291 1566 1347 Utrum
1595 1291 1675 1349 ille
1711 1306 1921 1363 motus,
1962 1305 2141 1350 motus
2175 1292 2349 1350 cordis
2420 1314 2422 1317 ’

400 1417 473 1456 an
495 1417 623 1458 vero
646 1411 827 1456 motus
851 1399 1198 1457 vermicularis
1217 1399 1301 1471 fit,
1330 1399 1677 1458 determinare
1701 1399 1927 1458 arduum
1952 1399 2037 1455 est.
2101 1400 2185 1457 Ad
2205 1401 2350 1472 prius

402 1505 728 1565 afferendum
758 1506 993 1564 animum
1032 1506 1250 1582 quidem
1295 1520 1537 1565 moveret
1579 1508 1827 1582 analogia
1872 1519 2052 1564 motus
2086 1508 2261 1565 cordis
2295 1509 2352 1565 in

400 1618 597 1689 crucia,
640 1617 695 1674 in
718 1634 944 1691 quarum
979 1614 1139 1674 dorso
1175 1633 1399 1696 quoque
1431 1613 1590 1678 veluti
1623 1615 1873 1691 globulus
1906 1633 1938 1671 a
1981 1615 2151 1673 cauda
2181 1616 2352 1672 versus

398 1735 562 1799 caput
584 1724 926 1798 propellitur3
968 1725 1040 1782 ast
1063 1725 1325 1799 reliquum
1353 1740 1545 1800 corpus
1576 1722 1815 1796 quletum
1850 1734 2061 1793 manet,
2088 1723 2162 1778 .in
2185 1727 2354 1796 Pmna

405 1847 533 1888 vero
562 1832 754 1906 globus
776 1829 857 1888 ille
878 1830 1088 1890 mobilis
1111 1832 1528 1906 circumquaque
1553 1831 1605 1887 in
1629 1842 1822 1887 trunco
1842 1827 2179 1900 conspicitur.
2225 1831 2359 1908 Qa

404 1938 474 1996 de
490 1924 646 1998 'caula
675 1937 822 1994 hunc
839 1939 1016 2013 potius
1035 1952 1246 1995 motum
1271 1938 1664 1995 vermicularem
1688 1935 1783 1992 effe
1798 1935 2100 2008 judicarem.

661 2044 914 2102 Praeterea
935 2064 1067 2121 apex
1092 2047 1264 2105 trunci
1289 2046 1424 2103 nudi
1448 2044 1620 2103 modo
1656 2043 1802 2101 hami
1838 2044 1994 2103 instar
2032 2046 2355 2118 incurvatur,

403 2153 579 2214 modo
602 2155 656 2210 in
677 2153 871 2222 lineam
901 2153 1093 2210 rectam
1133 2152 1448 2210 extenditur.
1526 2151 1832 2227 Utrumque
1867 2152 1936 2207 ab
1975 2153 2115 2208 intus
2147 2152 2354 2211 latentis
2399 2141 2401 2143 ¹

407 2260 712 2319 offis-motu
751 2260 957 2318 evenire
988 2260 1246 2335 conjicio:
1289 2259 1420 2316 dum
1454 2259 1594 2318 enim
1633 2259 1743 2315 hoc
1774 2259 1830 2314 in
1863 2275 2042 2316 arcum
2077 2261 2360 2335 angustum

406 2366 768 2438 contrahitur,
820 2386 951 2443 apex
987 2368 1130 2425 hami
1167 2368 1326 2424 instar
1360 2368 1692 2436 incurvatur3
1743 2365 1873 2422 dum
1908 2385 2035 2423 vero
2079 2369 2135 2425 in
2172 2386 2353 2424 arcum

402 2476 663 2547 majorem
700 2487 792 2532 aut
814 2475 970 2550 plane
998 2476 1053 2533 in
1085 2476 1275 2532 lineam
1308 2474 1500 2530 rectam
1536 2473 1862 2544 extenditur,
1902 2472 1991 2530 hic
2024 2491 2247 2548 quoque
2280 2493 2358 2532 re.-

406 2582 548 2639 &um
573 2582 723 2640 litum
744 2583 973 2641 obtinet.
1053 2582 1327 2657 Atque'ab
1347 2582 1458 2638 hoc
1491 2580 1610 2639 offis
1640 2594 1796 2638 motu
1835 2598 2056 2656 quoque
2095 2582 2231 2641 finus
2271 2581 2355 2639 ille

407 2691 466 2749 in
495 2691 639 2763 apice
663 2692 837 2748 trunci
859 2691 991 2748 nudi
1011 2690 1325 2766 conspicuus
1359 2687 1576 2746 formari
1613 2689 1844 2747 videtur:
1885 2704 2012 2746 nam
2049 2689 2140 2747 hic
2181 2689 2353 2746 modo

404 2796 769 2875 profundior,
796 2797 968 2856 modo
990 2799 1161 2854 minus
1181 2795 1483 2870 profundus
1506 2798 1617 2868 est..
1671 2795 2028 2868 Profundior,
2070 2797 2200 2854 dum
2238 2796 2355 2871 glo-

402 2906 507 2975 bus
533 2908 744 2967 mobilis
779 2909 836 2966 in
865 2904 1044 2964 medio
1079 2906 1254 2965 trunci
1282 2905 1489 2980 pinnati
1522 2919 1767 2984 apparet,
1809 2905 1982 2964 minus
2028 2900 2346 2979 profunduS,

2155 3011 2288 3070 dum
