2513 3435
390 133 462 182 ει
1167 113 1394 172 CAPUT
1448 113 1553 173 IV.

385 241 669 298 maximam
691 249 894 312 partem
917 233 1138 294 fimbriae
1165 234 1522 302 constituunt3
1565 247 1728 312 atque
1761 237 1947 295 colaris
1984 235 2140 296 instar
2176 249 2340 316 caput

385 349 637 422 cingunt,
681 345 811 404 dum
834 343 1008 418 hydra
1036 341 1302 401 tentacula
1327 341 1531 400 ramosa
1553 344 1838 420 expandit,
1879 354 2044 418 atque
2065 343 2231 404 escam
2264 364 2343 403 ar-

389 455 556 526 ripere
585 454 746 526 cupit.
800 452 951 508 Dum
977 468 1103 507 vero
1145 461 1344 508 terrore
1364 450 1684 526 percellitur,
1725 450 1860 509 dieta
1892 451 2159 510 tentacula
2209 453 2350 512 intra

391 578 584 637 corpus
607 577 714 616 una
737 576 858 622 cum
881 575 974 616 ore
994 556 1365 628 retrahuntur,
1406 558 1606 618 laciniae
1635 559 1690 616 in
1714 558 1915 617 fimbria
1945 558 2239 623 elevantur,
2278 558 2351 630 acl

393 666 443 726 st:
467 668 690 726 invicem
719 663 1008 734 accedunt,
1046 662 1104 720 &
1131 680 1192 720 os
1215 681 1323 721 una
1347 683 1472 725 cum
1494 665 1770 725 tentaculis
1788 667 1860 722 ita
1883 676 2106 740 tegunt,
2147 677 2205 721 ut
2233 665 2352 723 nul-

395 774 507 833 lum
545 773 694 832 ullius
728 785 1025 848 apperturae
1062 771 1333 844 vestigium
1372 783 1667 843 remaneat,
1727 787 1902 849 neque
1941 770 2243 848 quidquam
2279 772 2349 832 de

397 881 673 945 tentaculis
702 892 794 942 aut
822 878 888 936 de
911 877 1106 942 ,laciniis
1129 880 1495 954 conspiciatur,

653 987 899 1044 Proxime
923 987 993 1047 ad
1015 986 1279 1048 fimbriam
1310 964 1603 1042 laciniatarn
1636 983 1899 1042 tentacula
1927 984 2111 1059 viginti
2145 978 2353 1045 ramosa

131 1107 281 1175 Figura
302 1119 350 1172 4.
391 1116 441 1173 g.
458 1114 509 1172 g.
527 1114 637 1171 gg.
676 1106 836 1167 caput
883 1094 1112 1154 medusae
1152 1090 1370 1153 refentia
1410 1091 1719 1154 circulariter
1762 1087 2007 1165 disposita
2047 1090 2195 1161 sunt3
2236 1091 2353 1149 haec

401 1218 596 1274 corpus
622 1200 970 1274 cylindrieum
993 1215 1094 1263 tres
1118 1200 1276 1261 lineas
1302 1181 1526 1275 longum
1542 1243 1560 1270 2
1597 1197 1654 1258 &
1677 1198 1865 1256 lineam
1891 1196 2106 1259 crassum
2133 1196 2352 1262 habent,

403 1314 489 1371 cui
521 1322 702 1372 tenues
737 1309 1060 1383 linearesque
1090 1307 1292 1368 laciniae
1321 1324 1597 1368 ramorum
1631 1305 1786 1365 instar
1825 1305 1996 1363 divisae
2028 1305 2281 1375 infident‚
2322 1323 2354 1364 a

405 1416 598 1494 quibus
625 1419 872 1477 tentacula
892 1418 1078 1492 ramcstz
1104 1413 1367 1490 appellare
1393 1414 1626 1489 placuit,
1663 1426 1722 1469 ut
1747 1431 1778 1472 a
1811 1412 2137 1476 ventra‘libus
2179 1411 2354 1475 distin,

403 1536 701 1605 guerentur.

658 1634 802 1691 Inter
828 1629 1004 1689 haecce
1030 1629 1295 1687 tentacula
1318 1646 1440 1687 area
1474 1634 1716 1686 convexa
1750 1623 1982 1682 candida
2013 1624 2356 1698 conspicitur,

404 1742 462 1798 in
491 1740 672 1798 medio
702 1738 996 1813 perforata3
1040 1735 1282 1798 foramen
1302 1735 1495 1806 illudf.
1513 1753 1575 1793 os
1598 1733 1829 1791 animalis
1851 1733 1952 1802 est,
1993 1734 2049 1790 in
2073 1731 2226 1806 quod
2248 1748 2355 1806 ope

403 1847 793 1909 tentaculorum
814 1844 1143 1906 ramosorum
1167 1844 1276 1906 esca
1301 1839 1625 1919 propellitur.
1685 1841 1786 1898 Ori
1810 1857 1838 1896 c
1862 1839 2123 1899 diametro
2145 1839 2360 1915 oppofi-

403 1969 522 2012 turn
543 1955 613 2012 est
639 1951 783 2011 aliud
808 1951 1050 2010 foramen
1074 1959 1107 2006 ι’.
1135 1950 1265 2007 duas
1289 1949 1445 2007 lineas
1471 1948 1708 2022 amplum
1739 1947 1829 2005 ani
1854 1962 2073 2010 munere
2109 1945 2359 2023 fungens,

405 2081 436 2125 e
454 2081 566 2137 quo
590 2061 737 2119 faeces
764 2060 822 2115 δε
846 2078 986 2136 aqua
1012 2059 1213 2118 marina
1245 2057 1594 2119 eliminantur.

659 2164 1102 2238 Jucundiffimum
1134 2164 1255 2221 sane
1292 2161 1644 2238 speclaculum
1677 2160 1907 2217 intuenti
1948 2133 2360 2232 praebet-hocce

409 2275 705 2351 Zoophyton,
742 2271 871 2329 dum
898 2274 952 2330 in
986 2271 1135 2342 vase,
1162 2272 1366 2328 marina
1400 2269 1597 2343 piem,
1621 2269 1919 2337 detinetur,
1956 2268 2027 2323 ita
2047 2279 2253 2336 tamen,
2297 2277 2359 2323 ut

409 2399 549 2456 aqua
573 2378 706 2436 ultra
728 2378 864 2436 duos
889 2378 1100 2453 pollices
1122 2378 1271 2453 supra
1297 2380 1476 2449 Hydrae
1494 2391 1689 2448 corpus
1719 2391 1838 2430 non
1870 2374 2111 2433 elevetur,
2197 2373 2358 2432 Tunc

409 2491 577 2558 enim,
617 2488 840 2547 maxime
861 2503 988 2546 vero
1018 2486 1147 2545 dum
1171 2503 1334 2542 anum
1359 2483 1691 2557 aliquantum
1713 2481 1908 2550 elevat,
1950 2481 2101 2538 omni
2130 2477 2235 2536 fere
2268 2479 2359 2535 mi.

411 2609 548 2653 nuto
569 2596 821 2670 temporis
845 2611 1040 2668 aquam
1063 2593 1323 2650 mari-nam
1347 2589 1418 2648 ad
1442 2589 1672 2646 duorum
1696 2587 1800 2645 fere
1836 2587 2090 2659 pollicum
2128 2585 2358 2644 altitudi.

413 2721 540 2762 nem
576 2715 718 2761 extra
753 2699 1072 2776 superficiem
1097 2717 1273 2773 aqnae,
1312 2700 1366 2755 in
1388 2715 1493 2772 qua
1533 2698 1865 2765 continetur,
1907 2692 2154 2767 ejaculat3
2195 2705 2357 2767 atque

412 2811 512 2869 hac
531 2812 735 2866 ratione
753 2806 1117 2865 admirandam
1134 2809 1373 2880 novique
1397 2803 1603 2877 prorfiis
1627 2803 1830 2878 generis
1867 2799 2144 2857 fontanam
2170 2817 2361 2874 reprae-

410 2918 590 2976 stntat.
670 2918 852 2975 Multo
890 2915 1102 2989 longius
1135 2930 1261 2971 vero
1298 2911 1540 2970 eamdem
1573 2929 1602 2967 e
1644 2926 1873 2983 corpore
1908 2907 2186 2983 propellit,
2226 2906 2359 2962 dum

2196 3029 2273 3069 re·
