2513 3435
903 85 998 142 Da
1050 87 1285 146 PENNA.
1956 115 2060 170 125

110 215 247 273 ciem
274 210 459 270 nutriri
485 209 673 281 debet,
713 223 883 285 quum
903 208 1080 267 radice
1103 210 1190 269 seu
1210 213 1318 270 basi
1339 213 1726 272 nutrimentum
1751 213 1900 271 suum
1925 215 2057 273 hau-

113 324 216 380 tire
253 331 502 397 nequeat.
542 341 546 346 ·
588 317 682 377 Ast
718 317 922 377 hancce
955 321 1226 378 nutriendi
1261 323 1584 381 methodum
1614 324 1784 380 crusta
1821 326 2058 382 anImalis

114 429 377 504 denegat,
415 439 579 503 atque
601 443 768 483 omne
786 427 1174 485 nutrimentum
1194 430 1264 487 ad
1288 431 1551 488 internam
1573 430 1942 504 substantiam,
1973 432 2057 490 seu

116 550 178 593 ut
209 537 295 593 alii
326 536 549 606 volunt,
609 534 680 591 ad
720 534 962 608 plantam
993 540 1266 611 pervenire
1302 539 1538 613 impedit.
1626 540 1682 597 Si
1716 558 1844 599 vero
1879 540 2060 600 credas

115 644 354 719 plantam
394 642 598 700 hancce
637 655 771 700 tunc
805 642 1023 701 demum
1056 648 1224 703 crusta
1257 647 1473 704 animali
1504 648 1740 720 obduci,
1789 649 1920 705 dum
1949 650 2060 723 jam

117 766 313 810 certam
359 750 625 826 acquifivit
664 752 898 823 molem,
948 770 1084 811 erras
1118 771 1281 829 quam
1314 758 1556 814 maxime.
1646 757 1793 815 Nam
1829 759 2063 833 primurn

113 861 534 934 minimumque,
576 872 636 916 ut
656 871 755 916 tuo
779 859 953 919 modo
976 859 1194 936 loquar,
1228 881 1448 938 germen
1462 866 1576 938 jam
1597 864 1739 921 fimili
1761 865 1928 921 crusta
1950 864 2066 922 ani-

113 968 240 1026 mali
256 968 554 1025 obductum
579 967 651 1023 est
663 987 682 1036 3
723 985 831 1041 qua
849 969 1031 1044 itaque
1051 971 1259 1027 ratione
1277 973 1444 1029 hocce
1462 972 1857 1049 adaugebitur?

370 1074 745 1133 Productionis
805 1075 1026 1150 quidem
1082 1079 1312 1137 modum
1364 1079 1424 1136 in
1478 1081 1713 1157 litophytis
1756 1079 1815 1137 &
1855 1085 2062 1136 coralliis

114 1184 358 1242 Botanici
387 1183 533 1239 hunc
570 1180 665 1238 effe
704 1181 953 1240 afferunt:
995 1184 1154 1259 quod
1193 1198 1347 1261 gutta
1390 1186 1678 1259 seminalis,
1716 1200 1836 1252 taut,
1873 1200 1935 1244 ut
1973 1187 2062 1248 alii

110 1291 336 1362 volunt,
378 1289 552 1347 semen
570 1291 626 1347 in
649 1290 864 1367 capsulis
882 1307 974 1366 per
996 1294 1220 1350 omnem
1243 1292 1349 1352 fere
1370 1293 1693 1371 superficiem
1715 1295 1913 1353 horum
1942 1312 2062 1356 cor-

112 1415 312 1472 porum
333 1398 432 1457 fitis
454 1410 772 1456 contentum
786 1442 804 1468 ‚
856 1399 986 1456 dum
1005 1413 1273 1458 maturum
1294 1403 1398 1474 est,
1439 1423 1468 1459 e
1493 1403 1711 1479 capsulis
1732 1404 1963 1467 decidat,
2004 1401 2062 1460 &

112 1508 171 1564 in
199 1505 566 1582 quodcunque
583 1522 781 1579 corpus
800 1506 1082 1579 deciderit,
1118 1508 1316 1567 ibidem
1339 1509 1563 1567 succeffu
1580 1513 1837 1587 temporis
1859 1529 2061 1569 novam

113 1615 190 1672 sui
212 1614 412 1691 generis
435 1613 678 1686 plantam
703 1613 981 1689 producat.
1011 1611 1015 1613 ’
1052 1615 1258 1673 Verum
1278 1633 1468 1676 nonne
1488 1618 1713 1694 capsulae
1734 1618 1821 1675 hae
1854 1620 1912 1676 in
1948 1636 2062 1676 cru-

113 1724 189 1782 sta
225 1721 438 1780 animali
472 1723 606 1793 fitae,
650 1721 1038 1796 consequenter
1072 1724 1143 1780 ab
1179 1723 1294 1798 ipfis
1325 1725 1668 1799 animalibUS,
1708 1728 1782 1784 ad
1826 1740 2062 1785 mentem

109 1829 388 1887 fautorum
421 1826 697 1904 Pohxp'omm
736 1829 912 1886 modo
948 1829 1182 1906 loquor,
1217 1829 1493 1890 -eformatae
1526 1834 1662 1891 fimt.
1740 1835 2057 1912 Quomodo

110 1938 292 2012 itaque
311 1935 532 2011 capsulae
555 1936 662 1993 istae
686 1937 719 1993 s
722 1938 831 1993 mul
867 1938 1062 2013 plantae
1093 1951 1269 2013 partes
1302 1937 1745 2015 fructificationi-5,
1780 1945 1842 2001 &
1875 1946 2062 2019 Pohspo-

109 2066 222 2099 mm
241 2044 605 2102 loculamenta
621 2042 715 2101 effe
734 2044 967 2118 possunt.

369 2151 626 2207 Praeterea
645 2153 761 2225 pos
744 2167 849 2215 to,
887 2154 1046 2228 quod
1081 2153 1231 2211 dictae
1264 2154 1463 2212 :cellulae
1493 2173 1644 2214 verae·
1665 2157 1885 2231 capsulae
1920 2155 2060 2213 serni-

111 2256 255 2315 nales
278 2256 403 2329 fint,
439 2276 594 2333 aeque
616 2260 945 2333 impoffibilis
964 2273 1145 2317 manet
1166 2261 1306 2318 intra
1330 2265 1582 2321 corticem
1613 2265 1820 2321 latentis
1862 2265 2060 2340 plantae

111 2367 509 2440 progeneratio,
611 2367 790 2445 Qod
825 2370 894 2425 ita
928 2368 1137 2442 probo:
1191 2386 1317 2425 cum
1338 2375 1612 2447 Pothomm
1642 2371 1905 2443 fautoreS‚
1944 2385 2059 2429 tum

112 2487 242 2528 vero
264 2471 362 2543 illi,
402 2474 498 2548 qui
520 2474 780 2530 internam
805 2476 1132 2551 litophytorum
1154 2476 1211 2533 δε
1232 2482 1529 2535 coralliorum
1552 2479 1891 2538 substantiam
1912 2479 2061 2552 plan-

112 2590 225 2634 tam
249 2578 344 2635 effe
364 2593 647 2638 autumant
664 2593 830 2655 atque
852 2582 960 2640 huc
976 2600 1148 2657 usque
1190 2583 1433 2641 sustinere
1458 2601 1759 2658 conantur,
1797 2587 2061 2643 unanimi-

114 2697 193 2742 ter
218 2685 546 2744 concedunt:
586 2688 743 2762 quod
763 2689 820 2745 in
838 2689 1080 2764 qualibet
1103 2690 1310 2764 capsula
1335 2690 1566 2749 seminali
1603 2697 1802 2771 Polypus
1825 2693 1985 2753 veluti
2004 2694 2060 2750 in

113 2793 298 2851 cellula
319 2793 406 2852 sua
425 2793 709 2852 niduletur.
791 2796 915 2852 Hoc
929 2799 1041 2870 jam
1061 2799 1129 2856 ab
1150 2799 1406 2856 omnibus
1432 2799 1711 2873 conceflb,
1748 2820 1937 2859 nonne
1969 2819 2062 2857 ne-

114 2899 322 2958 cess‘atio
345 2900 603 2976 requitur,
640 2917 702 2961 ut
721 2905 804 2964 vel
825 2904 999 2963 sefflen
1041 2908 1095 2962 in
1121 2908 1331 2982 capsula
1360 2921 1678 2967 contentum
1708 2928 1743 2966 a
1773 2914 1936 2984 Pohtpo
1970 2908 2058 2965 de-

1010 3015 1142 3087 Q3
1590 2994 1594 2997 ”
1832 3014 1987 3072 ίέιτιιειω
