2513 3435
903 113 998 170 De
1039 107 1338 168 Lumen.
2015 124 2085 168 αῖ

396 234 594 296 Forma
623 236 886 309 majorum
908 233 1284 309 minorumque
1306 229 1547 289 dentium
1577 231 1765 289 eadem
1787 231 1885 301 est,
1924 231 2091 287 calca-
2108 224 2258 291 Fagura
2277 239 2323 286 7-

143 361 307 404 neum
333 341 691 419 quodamodo
720 338 1119 414 repraesentan53
1161 342 1307 413 cujus
1340 339 1468 397 bafis
1503 337 1916 397 Rhomboidalis
1951 357 1996 391 a.
2033 335 2091 392 &

144 450 398 524 tantisper
419 465 657 507 convexa
677 447 810 504 inter
830 446 1086 521 angulum
1112 451 1373 504 minorem
1397 442 1701 503 semicanale
1729 445 1972 502 instruGta
1995 444 2089 514 est,

144 572 308 634 atque
342 559 397 613 in
433 556 670 631 margine
709 554 1121 629 circumquaque
1164 571 1376 611 crenam
1420 565 1726 612 excavatam
1769 552 1945 609 habet.
2024 554 2089 609 In

144 683 355 724 crenam
382 665 440 721 δε
460 660 818 719 semicanalem
838 660 1051 732 baseos,
1090 664 1274 735 portio
1295 661 1621 718 membranae
1645 658 1907 716 tendineae
1939 660 2090 715 inter-2

142 790 274 830 num
312 769 585 828 ventriculi
620 770 870 844 parietem
906 768 1222 825 investientis
1256 767 1545 837 subintrat,
1596 780 1757 840 atque
1800 766 2091 840 quemlibet

143 879 358 936 dentem
396 890 669 950 utcunque
704 875 915 933 firmum
952 887 1117 934 tenet.
1212 874 1354 945 Dico
1400 888 1705 947 utcunque:
1749 890 1874 930 curn
1907 873 2091 932 dentes

142 984 269 1041 huic
290 984 614 1042 membranae
638 1000 755 1039 non
777 983 914 1039 adeo
943 981 1156 1039 firmiter
1192 961 1475 1051 insideant,
1517 979 1604 1037 sed
1634 978 1715 1038 vel
1746 980 1923 1037 leviter
1965 997 2091 1038 con*

141 1092 344 1150 treffiati
365 1089 603 1148 facillime
624 1106 688 1147 ex
711 1109 770 1147 ea
796 1090 1064 1147 decidunt.
1146 1091 1291 1164 Qae
1317 1087 1636 1163 superficialis
1663 1088 1905 1145 dentium
1937 1086 2090 1143 inser-

140 1198 218 1253 tio
243 1200 377 1255 ratio
403 1198 501 1254 est:
547 1197 702 1273 quod
735 1198 837 1253 hos
867 1198 1045 1270 primo
1072 1197 1282 1252 instanti
1307 1214 1407 1271 pro
1441 1195 1758 1271 corporibus
1794 1194 2086 1270 haeteroge-

139 1307 278 1376 neis,
319 1304 376 1362 &
405 1322 522 1361 non
547 1321 649 1379 pro
679 1303 918 1380 partibus
942 1303 1012 1360 ad
1039 1302 1386 1361 ventriculum
1416 1307 1590 1358 lernaeae
1627 1301 1975 1376 spectantibus
1994 1302 2084 1359 ba-

142 1411 364 1469 buerim.
441 1412 585 1468 Nam
613 1412 821 1485 quoties
847 1411 993 1467 hunc
1017 1410 1327 1468 extrinsecus
1357 1409 1523 1484 paulo
1556 1409 1740 1467 rudius·
1782 1406 2091 1465 contreclas»

138 1516 276 1589 lem,
315 1531 500 1593 aperto
537 1516 730 1574 deinde
763 1515 1056 1576 ventriculo
1090 1515 1289 1592 semper
1325 1517 1509 1575 dentes
1539 1536 1569 1574 a
1605 1518 1799 1591 pariete
1823 1515 2088 1591 separatos

139 1624 485 1698 deprehendi.
563 1622 712 1682 Licet
731 1642 861 1683 vero
884 1641 1072 1681 omnes
1098 1625 1283 1683 dentes
1320 1626 1376 1681 in
1407 1624 1774 1682 membranam
1818 1622 2089 1688 ventriculi

140 1732 402 1789 internam
436 1729 818 1805 superficialiter
858 1731 1119 1788 duntaxat
1161 1730 1476 1803 inserantur,
1517 1730 1729 1790 foveam
1763 1743 1996 1788 attamen
2031 1730 2088 1789 in

139 1857 201 1898 ea
225 1838 559 1913 imprimunt,
601 1855 723 1913 quae
756 1836 944 1894 formae
966 1836 1152 1894 baseos
1175 1838 1245 1894 ad
1268 1837 1504 1894 amuffim
1525 1837 1823 1911 respondet.

394 1945 456 2001 In
481 1945 628 2021 apice
655 1943 740 2000 seu
767 1945 1001 2002 acutiore
1022 1944 1193 2001 dentis
1217 1945 1424 2018 majoris
1449 1957 1595 2017 parte
1616 1945 1750 2002 finus
1776 1944 1889 2001 duo
1926 1945 1969 2000 b.
2004 1963 2087 2001 ex-

137 2053 307 2110 cavati
331 2050 479 2123 sunt,
521 2053 655 2109 inter
680 2070 819 2126 quos
845 2051 1083 2110 scindens
1109 2052 1464 2127 prominentia
1494 2076 1537 2109 c.
1578 2053 1796 2126 exurgit.
1876 2051 2091 2109 Obtusa

139 2162 189 2215 d.
217 2159 304 2214 seu
326 2159 538 2215 brevior
564 2160 724 2233 apicis
748 2161 930 2234 portio
950 2159 1124 2216 versus
1158 2160 1475 2215 anteriorem
1512 2159 1683 2215 dentis
1714 2172 1916 2233 partem
1955 2176 2085 2236 pau·

141 2265 308 2323 lulum
332 2253 644 2338 inclinatur,
685 2267 742 2324 &
765 2265 939 2323 forma
971 2265 1059 2322 sua
1084 2265 1308 2322 litteram
1335 2266 1402 2321 Z.
1429 2264 1789 2340 quodamodo
1822 2264 1987 2322 refert.

400 2373 604 2430 Dentes
649 2375 871 2447 majores
917 2373 1157 2431 medium
1198 2372 1377 2429 locum
1423 2385 1745 2447 occupantes
1778 2373 2087 2448 plerumque

141 2479 509 2556 septemdecim
534 2492 911 2553 numerantur,
952 2482 1181 2539 minores
1207 2480 1295 2537 seu
1317 2481 1372 2539 in
1399 2482 1573 2556 primo
1606 2479 1796 2537 ordine
1839 2481 1916 2537 fiti
1948 2480 2083 2537 ultra

141 2588 343 2664 viginti.

400 2696 603 2752 Dentes
627 2695 827 2752 minimi
861 2711 931 2751 ex·
958 2706 1184 2768 utraque
1217 2707 1364 2769 parte
1404 2693 1714 2768 compressi,
1755 2695 1812 2750 &
1845 2693 1950 2750 basi
1980 2694 2083 2750 lata
2099 2700 2246 2765 Figura
2270 2703 2314 2752 8.

145 2800 349 2876 praediti
371 2799 518 2874 sunt,
549 2823 577 2860 e
603 2804 836 2878 quorum
860 2802 1038 2859 medio
1058 2819 1282 2858 acumen
1306 2802 1390 2859 seu
1417 2802 1578 2876 stylus
1601 2804 1815 2876 exiguus
1833 2800 2080 2870 elevatur,

145 2910 218 2966 ita
244 2920 305 2965 ut
330 2928 517 2967 eorum
542 2908 742 2982 forma,
783 2910 817 2966 si
840 2929 957 2967 eam
983 2909 1134 2966 liceat
1158 2927 1282 2966 cum
1303 2927 1356 2967 re
1376 2909 1610 2983 plurimis
1633 2922 1765 2966 nota
1804 2923 2079 2979 compara-

1011 3016 1060 3071 C
1105 3032 1136 3086 3
1928 3031 2002 3084 fe>
