2513 3435
439 124 552 165 120
621 179 624 184 .
1199 98 1433 161 CAPUT
1498 93 1601 153 Vl.

436 227 696 300 contigit:
737 219 1041 283 truncus&
1063 220 1242 298 pinnae
1272 219 1383 292 ejus·
1403 217 1626 292 proprio
1662 231 1819 276 motu
1847 217 2101 294 sensuque
2130 219 2387 296 gaudent,

442 338 689 410 adeoque
709 333 790 391 vel
812 330 1064 406 fingulare
1090 327 1313 403 animal,
1353 326 1434 386 vel
1453 323 1629 382 saltem
1654 338 1828 402 partes
1846 325 2082 385 animalis
2108 326 2242 387 sunt.
2283 329 2390 389 Sed

443 445 624 522 pinnis
650 438 913 498 tentacula
935 439 1080 495 unita
1103 436 1246 501 sunt,
1286 434 1319 494 li
1338 434 1520 510 itaque
1556 433 1670 491 haec
1709 435 1935 493 totidem
1962 433 2155 510 Polypi
2194 435 2390 510 forent,
2458 502 2470 513 ,

445 552 594 629 plura
621 549 864 606 animalia
890 564 1058 603 unum
1085 562 1302 621 corpus,
1325 559 1605 616 unumque
1627 541 1821 600 animal
1847 542 2244 615 constituerent,
2266 562 2390 602 cum

443 657 720 718 communi
756 656 863 713 vita
902 651 1161 714 fruantur.
1241 648 1421 725 Qod
1455 661 1634 706 autem
1673 653 1845 705 Pennae
1879 649 2070 706 nostrae
2107 651 2389 723 tentacula,

409 749 416 754 ”
441 769 622 841 pinnae
646 765 703 821 ὅτ.
730 776 950 820 truncus
978 775 1322 818 communem
1349 759 1511 815 vitam
1548 770 1741 833 agant,
1781 757 2020 833 sequenti
2057 756 2229 816 modo
2260 757 2391 815 edo·-

441 876 551 932 ἕως
577 872 717 929 sum:
763 870 893 929 dum
915 876 1086 926 Pennae
1110 870 1243 926 vivae
1270 866 1325 922 in
1345 864 1544 922 marina
1574 864 1804 924 detentae
1825 879 2073 922 truncum
2101 865 2182 923 vel
2218 883 2386 925 unam

444 984 727 1040 alteramve
755 980 975 1053 pinnam
995 993 1095 1032 acu
1108 973 1255 1047 -stylo
1278 972 1358 1031 vel
1385 988 1716 1047 quocunque
1736 973 1839 1029 alio
1861 973 1998 1029 duro
2024 989 2250 1047 corpore
2274 985 2392 1031 tan-

441 1107 647 1165 gerem,
690 1086 874 1143 omnia
899 1081 1166 1141 tentacula
1191 1081 1325 1137 intra
1351 1081 1540 1156 pinnas
1566 1079 1996 1144 retrahebantur,
2037 1092 2199 1154 atque
2235 1082 2394 1141 etiam

441 1197 574 1255 dum
592 1211 762 1252 unum
790 1193 1077 1250 alterumve
1097 1187 1423 1246 tentaculum
1457 1188 1737 1258 irritarem,
1776 1187 1965 1244 cuncta
1991 1187 2130 1245 illico
2169 1188 2390 1246 abscon-

423 1304 722 1365 debantur.
809 1299 985 1379 Qod
1007 1299 1132 1355 sane
1157 1297 1372 1353 minime
1398 1293 1591 1351 fanum
1617 1293 1782 1351 fuisset
1799 1339 1816 1366 ‚
1857 1296 1891 1352 si
1913 1308 2000 1352 tot
2022 1294 2256 1355 distinffia
2287 1314 2388 1372 po-

440 1413 694 1488 lyporum
719 1409 993 1467 individua
1025 1405 1200 1481 pinnis
1226 1404 1485 1460 duntaxat
1517 1402 1816 1459 infiderent.
1897 1401 2170 1476 Siquidem
2191 1407 2389 1479 Pohaepus

439 1540 483 1579 e.
497 1540 549 1595 g,
577 1519 637 1574 Α.
662 1520 717 1574 in
742 1517 908 1592 prima
928 1514 1097 1586 pinna
1116 1512 1271 1568 unius
1295 1516 1461 1564 Pemaae
1486 1508 1655 1566 lateris
1679 1508 1925 1566 nidulans
1946 1509 2195 1572 irritatus,
2237 1511 2392 1566 mini-

440 1646 526 1690 me
549 1625 740 1682 tristem
763 1602 905 1681 hanc
927 1618 1276 1678 seniationem
1302 1616 1589 1693 periculum
1617 1614 1709 1671 fibi
1733 1615 2030 1676 minantem
2059 1620 2221 1692 Pohtpo
2251 1619 2307 1674 B.
2333 1618 2390 1676 in

442 1735 608 1808 pinna
646 1732 828 1789 ultima
860 1729 1068 1786 alterius
1116 1732 1289 1781 Pennae
1332 1723 1502 1780 lateris
1552 1724 1945 1779 communicare
1981 1723 2175 1797 poffet3
2216 1724 2392 1785 minus

442 1843 599 1900 etiam
619 1855 804 1895 omnes
826 1840 981 1912 Pothz'
1003 1836 1059 1891 in
1078 1833 1250 1909 pinnis
1274 1830 1481 1904 disperii-
1499 1827 1721 1886 eandem
1746 1826 2078 1888 affectionem
2099 1848 2220 1889 cum
2241 1844 2388 1893 trun-

441 1968 507 2008 co
534 1948 590 2004 &
618 1947 792 2020 pinnis
815 1944 1081 2019 percipere
1098 1941 1368 2010 valerent‚‘
1399 1934 1587 2012 quodsi
1611 1935 1697 1993 hae
1725 1950 1896 2012 partes
1933 1935 2067 2012 quid
2094 1939 2391 2015 haeteroge.

437 2040 628 2119 neum,
669 2053 751 2111 vel
777 2051 1076 2108 distinctum
1100 2046 1296 2104 animal
1315 2045 1507 2103 forent.

696 2136 907 2234 <Quodsi
935 2159 1117 2231 itaque
1139 2166 1344 2210 naturae
1367 2152 1468 2228 legi
1498 2163 1787 2226 repugnet,
1828 2164 1888 2208 ut
1922 2157 2094 2206 Penna
2132 2169 2194 2207 ex
2229 2152 2388 2228 pluri-

442 2271 543 2329 bus
567 2267 877 2328 animalibus
896 2262 1186 2340 composita
1211 2260 1282 2317 fit.
1356 2258 1511 2340 Qid
1531 2257 1672 2315 aliud
1704 2259 1798 2316 erit
1830 2276 1998 2333 quam
2035 2257 2246 2334 simplex
2280 2261 2388 2317 ani-

445 2379 580 2448 mal,
621 2374 752 2450 quid
776 2373 997 2449 plurima
1019 2373 1125 2445 ejus
1152 2368 1420 2426 tentacula
1440 2366 1589 2422 sunt?
1629 2383 1791 2439 quam
1813 2377 1987 2438 partes
2022 2367 2155 2439 ejus3
2198 2366 2233 2421 fi
2267 2384 2387 2441 par-

447 2500 522 2542 tes
550 2502 670 2558 quae
696 2481 842 2538 aliae?
887 2493 1051 2553 quarn
1071 2494 1167 2533 ora
1195 2473 1457 2544 animalis,
1499 2490 1731 2548 quorum
1755 2489 1859 2546 ope
1899 2470 2062 2528 escam
2101 2473 2392 2545 apprehen-

448 2593 570 2650 dere
610 2588 778 2666 poffit.
857 2587 1026 2661 Aquae
1065 2583 1228 2641 dulcis
1271 2585 1459 2660 Polyfos
1498 2581 1672 2638 omnis
1707 2579 1906 2654 generis
1947 2578 2157 2652 fimplex
2194 2580 2388 2638 animal

449 2699 764 2757 constituere
802 2696 998 2754 rationi
1034 2691 1450 2750 consentaneum
1488 2689 1573 2748 est.
1653 2688 1877 2761 hydram
1911 2694 2144 2750 arbitram
2182 2688 2396 2744 unicum

450 2804 645 2864 animal
681 2802 804 2875 effe,
847 2800 948 2876 ipse
987 2798 1067 2857 Cl.
1105 2803 1221 2854 Ellis
1258 2798 1446 2854 afferit:
1488 2778 1650 2870 quam
1680 2795 1858 2869 itaque
1895 2792 2175 2851 dubitandi
2211 2793 2390 2850 ansam

448 2913 726 2984 haberem,
766 2928 882 2967 non
903 2907 1060 2967 video
1076 2951 1092 2978 ,
1136 2904 1290 2981 quod
1313 2912 1483 2962 Penna
1505 2921 1728 2978 quoque
1750 2902 1967 2975 fimplex
1988 2901 2184 2959 animal
2211 2899 2282 2959 fit.
2334 2900 2397 2957 In

2240 3025 2306 3065 eo
