2513 3435
438 124 514 181 70
1226 96 1454 154 CAPUT
1495 97 1597 156 Ill.

435 249 558 291 mos
579 229 800 302 majores
825 224 1070 285 dividitur
1086 271 1103 300 ,
1144 225 1340 286 horum
1366 225 1544 284 dexter
1566 226 1620 284 in
1645 228 1770 286 octo
1795 228 1850 286 ὃς
1872 228 2060 288 sinister
2097 232 2151 288 in
2179 230 2261 288 sex
2289 234 2382 290 mi-

437 333 595 396 nores
624 336 925 411 dispescitur
961 354 1158 399 ramos,
1213 339 1304 411 qui
1328 337 1548 394 tandem
1573 338 1626 393 in
1665 339 1915 395 minimos
1947 338 2379 415 tenuissimosque

439 448 638 505 abeunt
693 445 938 503 surculos.
1037 445 1230 502 Praeter
1280 445 1384 502 hos
1425 445 1552 502 alius
1599 445 1734 503 latus
1782 465 1954 503 ramus
1994 469 2044 523 g.
2089 447 2259 507 versus
2298 466 2382 505 ca-

437 568 538 630 put
576 554 769 617 tendit,
812 554 902 627 qui
934 553 986 609 in
1032 552 1212 610 medio
1247 553 1433 627 prioris
1470 556 1643 610 trunci
1681 556 1931 612 exoritur.
2035 554 2096 611 In
2129 556 2380 613 omnibus

438 664 591 720 ramis
634 662 690 717 &
735 659 941 718 surculis
979 660 1201 736 plurima
1239 661 1434 735 puncia
1479 662 1793 735 nigricantia
1823 662 1979 720 nudo
2023 662 2178 719 etiam
2214 661 2380 718 oculo

439 769 726 843 conspicua
750 769 896 841 sunt,
939 787 1059 843 quae
1085 785 1200 824 non
1223 785 1410 844 parum
1444 768 1513 825 ad
1550 767 1997 844 pulchritudinem
2034 768 2187 844 hujus
2215 769 2378 842 partis

437 876 815 941 arborescentis
837 874 1135 933 conferunt.
1214 877 1408 933 Utrum
1433 893 1560 933 vero
1584 877 1783 949 puncta
1807 878 1921 933 haec
1948 896 2077 934 cava
2110 877 2241 932 sint?
2283 880 2378 933 ne'«

437 1005 545 1062 que
569 979 775 1044 armato
803 985 965 1041 oculo
987 983 1249 1040 addiscere
1272 995 1528 1056 poteram.
1608 986 1825 1040 Interim
1849 984 2022 1040 nulius
2052 982 2274 1054 dubito,
2298 982 2381 1039 illa

440 1091 670 1149 totidem
707 1091 884 1148 oscula
916 1091 1160 1149 vasorum
1195 1090 1420 1161 hiantia,
1463 1102 1624 1164 atque
1659 1094 1853 1164 puncta
1890 1092 2228 1168 perspirantia
2263 1089 2377 1159 effe,

437 1215 617 1260 totum
641 1217 769 1259 vero
789 1196 1066 1274 praefatum
1091 1215 1360 1256 ramorum
1385 1212 1694 1275 apparatum
1716 1199 2037 1272 pulmonum
2062 1197 2224 1257 viscus
2249 1215 2380 1254 con-

439 1310 678 1376 stituere3
718 1306 1179 1382 quemadmodum
1205 1323 1266 1361 ex
1293 1319 1604 1377 comparata
1626 1329 1880 1362 erucarum
1893 1310 2100 1382 pisi-ium
2129 1305 2184 1361 &
2203 1307 2379 1359 lernaeae

441 1428 693 1472 anatome
717 1400 1073 1488 conjecturare
1095 1410 1231 1468 licet.
1281 1403 1286 1411 ‘
1310 1413 1371 1468 In
1392 1412 1552 1468 erucis
1575 1414 1714 1468 enim
1742 1414 1936 1487 puncta
1958 1412 2298 1487 perspirantia
2318 1411 2378 1469 in

438 1521 686 1583 lateribus
720 1521 962 1594 corporis
1000 1518 1179 1589 hiant,
1219 1520 1276 1576 in
1307 1518 1531 1594 piscibus
1564 1519 1866 1591 branchiae,
1909 1522 2230 1594 pulmonum
2267 1536 2382 1574 mu-

438 1646 564 1688 nere
586 1628 893 1704 fungentes,
934 1627 1195 1703 operculis
1222 1624 1366 1683 osseis
1390 1628 1461 1682 ita
1497 1627 1759 1684 duntaxat
1797 1627 1946 1683 tefiiae
1980 1627 2123 1691 sunt,
2164 1639 2222 1683 ut
2253 1644 2377 1683 cum

438 1752 593 1810 aquae
615 1748 731 1793 tum
756 1735 883 1792 aeris
905 1735 1033 1791 liber
1057 1733 1125 1790 ad
1148 1751 1233 1789 eas
1260 1733 1432 1791 aditus
1452 1745 1651 1806 pateat.
1712 1735 1961 1810 Denique
1986 1735 2044 1792 in
2066 1739 2238 1792 lemaea
2265 1735 2380 1810 pul-

437 1859 625 1901 mones
648 1857 869 1917 quoque
896 1840 1084 1898 ramosi
1107 1839 1243 1898 sunt.

691 1949 842 2006 Dum
865 1951 920 2006 in
942 1964 1083 2023 aqua
1106 1946 1309 2004 marina
1334 1953 1497 2027 Argus
1526 1947 1685 2022 degit,
1709 1947 2081 2007 admirandum
2105 1947 2233 2004 iilud
2260 1947 2375 2023 pul-

433 2073 662 2116 monum
685 2055 850 2115 viscus
874 2053 1161 2131 expansum
1193 2066 1352 2113 tenet.
1438 2053 1590 2111 Dum
1622 2068 1764 2113 extra
1796 2072 1994 2130 aquam
2027 2058 2277 2132 ponitur,
2318 2055 2376 2112 &

434 2163 606 2240 digito
649 2164 1033 2233 contrectatur,
1069 2160 1196 2219 illud
1239 2163 1293 2219 in
1326 2159 1554 2219 formam
1587 2179 1806 2220 coronae
1841 2164 2141 2234 contrahit,
2198 2177 2378 2238 atque,

433 2271 468 2329 fi
490 2272 581 2329 diu
615 2271 962 2329 contrectatio
994 2286 1093 2327 nec
1124 2285 1241 2325 non
1271 2267 1492 2329 irritatio
1530 2267 1645 2325 haec
1677 2270 2047 2342 continuetur,
2084 2282 2234 2327 totos
2264 2269 2377 2342 pul-

432 2396 621 2437 mones
644 2381 781 2436 intra
799 2376 1041 2434 foramen
1063 2376 1244 2447 ovale,
1287 2374 1438 2450 quod
1468 2386 1601 2432 tunc
1631 2377 1885 2452 temporis
1917 2379 2074 2434 etiam
2110 2372 2377 2451 angustiua

433 2483 700 2557 redditur,
738 2484 1036 2543 abscondit.
1111 2485 1173 2541 In
1196 2484 1452 2540 marinam
1478 2500 1605 2541 vero
1629 2483 1876 2559 repofitus
1900 2486 2062 2559 paulo
2089 2484 2207 2559 post
2235 2481 2375 2538 fora-

436 2609 564 2649 men
586 2591 806 2667 amplius
827 2589 916 2660 fit,
958 2589 1176 2648 &intus
1199 2591 1416 2649 latentes
1444 2590 1770 2663 pulmonum
1800 2592 1931 2648 rami
1963 2591 2142 2648 senfim
2176 2607 2374 2667 propu-

434 2698 630 2770 lulant,
672 2699 1022 2774 elongantur,
1062 2697 1451 2774 expanduntur.

699 2805 788 2862 Ne
832 2823 959 2862 vero
1004 2803 1259 2879 quispiam
1306 2796 1498 2861 mede
1537 2804 1955 2862 contradictione
2000 2804 2370 2879 reprehendat,

436 2912 567 2971 dum
587 2913 671 2973 hie
696 2912 938 2971 locorum
960 2925 1161 2988 partem
1181 2910 1445 2971 ramosam
1467 2911 1745 2986 pulmones
1764 2913 1944 2972 vocito
1953 2957 1974 2987 ,
2013 2932 2175 2990 quarn
2203 2917 2250 2987 5,
2277 2913 2366 2968 ΙΙΙ.

2182 3031 2299 3081 ten-
