2513 3435
177 1635 327 1700 Figura
356 1645 396 1694 ς.

176 1943 327 2012 Figura
353 1946 396 1993 6.

449 116 561 176 134
1199 95 1428 154 CAPUT
1480 94 1628 154 VII.

701 221 899 280 Utrum
928 233 1055 279 vero
1091 218 1216 277 huic
1259 220 1425 292 Tethyi
1459 216 1642 295 speciei
1684 219 1963 296 proprium
2002 221 2094 295 fit,
2136 236 2198 281 ut
2234 226 2390 300 plura

447 332 645 409 semper
680 329 952 387 individua
993 329 1137 386 lirnul
1161 328 1488 388 convivant?
1527 347 1599 385 an
1629 346 1756 387 vero
1783 329 1992 405 fimplex
2019 332 2278 405 ejusmodi
2307 340 2393 391 Te-

449 442 613 514 thyum
650 439 776 496 saxis
815 439 1028 512 aliisque
1066 440 1386 511 corporibus
1423 436 1692 494 interdum
1734 437 2039 495 adhaereat?
2089 438 2396 500 alterutrum

447 549 795 607 determinare
817 547 1043 603 arduum
1067 546 1150 602 est.
1234 543 1360 601 Aliis
1397 543 1710 619 corporibus
1747 545 1959 619 simplex
1999 545 2216 603 infidere
2260 566 2399 607 nun-

447 675 640 733 quam,
684 653 770 711 led
790 653 1024 710 solutum
1048 654 1105 709 in
1126 651 1303 708 littore
1331 651 1666 726 quandoque
1706 652 2058 725 deprehendi,
2099 655 2157 710 ὃς
2186 653 2399 712 fascicu-

448 766 528 822 los
564 764 689 820 tales
733 763 1011 833 Tethyorum
1045 760 1216 836 plures
1252 770 1365 816 tum
1402 759 1507 816 hac
1543 757 1658 829 die,
1696 772 1812 816 tum
1846 760 2094 836 deinceps
2128 761 2393 838 conspexi.

449 871 608 928 Unde
631 872 776 946 prior
799 869 1094 944 proprietas
1117 868 1252 926 mihi
1271 864 1589 925 verisimilior
1616 866 1849 939 videtur,
1893 881 2056 943 atque
2078 871 2190 943 jam
2219 882 2394 945 patet:

448 980 602 1056 quod
629 994 820 1052 corpus
841 973 936 1032 sub
960 975 1183 1031 nomine
1204 979 1434 1028 Mentulae
1455 983 1651 1029 mminae
1660 996 1834 1049 penem
1867 984 2096 1046 caninum
2142 981 2396 1049 reftrentis

447 1105 478 1142 a
500 1086 579 1142 CI.
605 1083 638 1155 J
646 1100 748 1138 Ano
774 1081 986 1136 PLANCO
1013 1079 1332 1153 descriptum
1341 1083 1494 1156 juxta
1520 1094 1751 1137 mentem
1773 1084 1879 1156 ejus
1905 1101 2023 1141 non
2059 1083 2127 1142 ad
2164 1071 2395 1161 Tethyum

447 1192 534 1250 sed
566 1192 632 1249 ad
658 1188 998 1245 Holothurimn
1021 1189 1313 1262 pertineat,
1365 1207 1485 1246 cum
1513 1208 1544 1246 a
1564 1187 1693 1246 saxis
1719 1190 1942 1247 liberum
1966 1191 2038 1247 fit.

701 1296 1006 1354 Confirmat
1043 1297 1185 1353 hanc
1227 1298 1393 1369 Tethyi
1413 1296 1575 1352 nostri
1612 1298 1996 1372 proprietatem
2030 1296 2248 1372 sequens
2288 1301 2396 1374 ejus

447 1402 733 1482 generandi
756 1405 968 1465 modus,
1050 1404 1204 1460 Dum
1232 1419 1318 1472 27.
1347 1402 1567 1477 Augusti
1606 1402 1788 1459 denuo
1833 1405 1977 1462 littus
2015 1407 2172 1463 maris
2213 1407 2393 1465 invise-

449 1532 557 1570 rem
576 1557 592 1584 2
633 1514 779 1570 venit
807 1514 861 1568 in
882 1530 1069 1569 manus
1095 1512 1353 1586 ejusmodi
1386 1511 1613 1581 Tethyum
1647 1509 1907 1581 solutum,
1946 1513 2228 1583 omnibUS,
2269 1532 2392 1588 quae

449 1625 586 1698 prius
617 1621 792 1679 videre
815 1620 980 1683 licuit,
1007 1620 1197 1688 majus,
1220 1617 1276 1671 in
1296 1618 1441 1690 cujus
1466 1629 1662 1673 trunco
1693 1622 1821 1677 osto
1840 1620 2051 1691 juniora
2077 1621 2257 1693 Tethyn
2281 1641 2327 1677 a.
2344 1600 2395 1678 aa

445 1728 814 1805 conspicienda
836 1727 986 1797 sunt3
1026 1731 1160 1784 inter
1186 1727 1304 1780 haec
1328 1724 1535 1799 plurimi
1575 1727 1749 1799 exigui
1778 1725 1928 1782 faetus
1964 1727 2006 1780 b.
2041 1726 2084 1780 b.
2120 1741 2394 1802 apparent,

445 1851 607 1914 atque
641 1838 698 1893 in
730 1835 951 1894 obversa
985 1833 1216 1908 ejusdem
1263 1832 1432 1888 trunci
1472 1846 1623 1906 parte
1658 1832 1784 1888 oc‘to
1823 1831 1959 1890 hisce
1995 1833 2190 1907 exiguis
2224 1834 2393 1906 paulo

449 1949 670 2022 majores
694 1943 842 2000 faetus
868 1963 914 1998 a,
940 1964 986 1999 a.
1013 1940 1215 2014 dispersi
1243 1940 1375 1996 sunt.
1458 1941 1601 1996 Cum
1628 1940 1683 1994 in
1706 1941 2021 2014 majoribus,
2055 1953 2170 1997 tum
2195 1942 2250 1997 in
2282 1960 2390 1998 me-

447 2054 543 2112 diis
563 2071 661 2109 nec
685 2069 803 2109 non
826 2054 881 2107 in
903 2049 1128 2105 minimis
1155 2047 1291 2104 hisce
1323 2047 1511 2119 Tethyis
1536 2062 1864 2120 organorum
1893 2047 2149 2121 principia
2186 2048 2391 2125 conspi-

446 2180 543 2220 cua
568 2160 712 2224 sunt,
755 2155 1044 2233 pedunculi
1070 2173 1194 2213 vero
1223 2155 1473 2230 distingui
1498 2164 1788 2227 nequeunt.

700 2267 1028 2342 Singularem
1053 2263 1200 2321 hunc
1220 2260 1506 2337 generandi
1531 2258 1760 2317 modum
1797 2258 1866 2316 ita
1904 2258 2101 2319 absolvi
2138 2273 2391 2322 autumo:

447 2374 610 2437 ovula
653 2375 815 2434 nostri
853 2373 1075 2448 Zoophyti
1104 2371 1175 2426 ita
1206 2363 1515 2443 comparata
1543 2366 1638 2423 effe
1677 2365 1951 2438 videntur,
1995 2382 2054 2425 ut
2092 2383 2234 2426 extra
2272 2388 2390 2428 cor-

447 2503 546 2561 pus
570 2482 780 2540 senioris
806 2481 971 2552 Tethyi
991 2475 1242 2552 propulsa
1264 2478 1367 2550 ejus
1392 2473 1675 2547 superficiei
1697 2474 1989 2531 extrinsecae
2010 2477 2077 2533 ab
2106 2477 2258 2534 undis
2285 2497 2392 2536 ma·

448 2594 570 2649 rinis
598 2588 742 2646 facile
769 2588 1122 2664 applicentur,
1165 2595 1330 2657 atque
1359 2582 1509 2638 faetus
1548 2601 1610 2639 ex
1648 2582 1708 2638 iis
1739 2580 1914 2654 egressi
1950 2582 2148 2639 ibidem
2174 2585 2394 2643 ‘tamdiu

450 2698 694 2772 applicati
719 2697 775 2754 δε
795 2695 1122 2753 adhaerentes
1150 2702 1398 2760 manent,
1439 2690 1616 2747 donec
1642 2702 1838 2746 certam
1855 2689 2052 2745 molem
2084 2689 2258 2766 adepti
2281 2692 2394 2750 fint.

454 2809 589 2885 Qo
612 2802 750 2860 facto
778 2802 947 2879 plures
970 2818 1074 2874 ope
1103 2796 1528 2873 pedunculorum
1554 2796 1644 2852 fibi
1668 2797 1954 2866 uniuntur,
1999 2809 2160 2872 atque
2178 2796 2394 2856 fascicu-

452 2910 597 2971 latim
620 2930 710 2988 per
733 2928 875 2971 mare
901 2920 1175 2986 vagantur.
1248 2903 1426 2981 Qod
1454 2914 1632 2964 autem
1661 2899 1874 2963 diversae
1908 2904 2285 2981 magnitudinis
2309 2903 2392 2964 fae-

2234 3026 2318 3072 tus
