2513 3435
848 98 944 154 DE
1013 96 1304 153 Tisi-uxo·
1943 113 2047 169 133

368 227 418 280 T
408 226 549 298 ethya
572 224 753 296 itaque
775 217 989 294 septem,
1009 232 1070 275 ut
1095 218 1135 274 F
1139 220 1206 294 ig.
1231 234 1285 291 4.
1309 214 1562 291 designat,
1586 212 1942 273 mediantibus
1965 237 2051 293 pe-

105 334 348 396 dunculis
370 333 632 390 tendineae
655 328 758 384 fere
785 327 1126 383 consistentiae
1145 327 1234 384 fibi
1267 329 1489 385 invicem
1515 325 1663 381 unita
1685 338 1857 388 erant,
1891 337 2051 400 atque

105 446 398 520 elegantem
431 437 729 497 fasciculum
767 434 1162 491 constituerant.
1243 433 1549 511 Qodlibet
1582 432 1684 489 tale
1725 432 1953 503 Tethyum
1997 435 2052 490 in

11 620 17 624 ι
100 563 252 625 parte
270 546 580 623 pedunculis
604 547 645 602 b.
678 542 922 619 opposita
962 560 1168 618 organa
1204 541 1317 597 duo
1350 564 1397 597 a.
1438 541 1771 615 aliquantum
1804 539 2052 612 protensa

102 660 164 717 &
187 657 392 715 orificiis
427 652 811 711 orbicularibus
849 651 1078 726 rtigofi5‚
1117 652 1231 724 pilis
1267 648 1550 718 destitutiS,
1590 647 1832 704 instrueta
1869 649 2049 705 habet.

106 768 324 838 Corpus
357 766 463 836 ejus
497 758 844 835 compressum
878 758 935 814 &
979 757 1090 816 leve
1125 759 1224 828 est,
1290 757 1444 832 quod
1478 773 1578 831 pro
1613 754 1784 811 lubitu
1822 755 2053 812 animalis

104 872 278 929 modo
302 845 634 937 incurvatur,
678 865 851 923 modo
874 868 927 922 in
952 865 1145 922 lineam
1168 866 1359 922 refitam
1383 862 1697 920 extenditur.
1771 862 1920 917 Cutis
1946 860 2054 917 for-

105 981 198 1051 tia,
243 979 300 1037 δε
325 991 383 1035 ut
404 976 553 1052 supra
580 975 819 1046 memini,
865 973 935 1031 ad
958 975 1327 1031 intestinorum
1356 990 1606 1029 normam
1643 969 1938 1027 constructa
1974 982 2054 1026 to·

104 1101 222 1147 tum
251 1103 444 1163 corpus
473 1082 675 1142 investit
697 1099 815 1139 non
835 1081 1032 1145 solum,
1074 1081 1161 1139 fed
1182 1082 1468 1139 constituit.
1547 1079 1677 1136 Haec
1699 1078 1733 1134 fi
1766 1076 2052 1151 longitudi-

106 1195 288 1252 naliter
315 1191 609 1262 dissecetur,
648 1192 702 1247 in
730 1189 1071 1263 conspetium
1091 1190 1235 1248 venit
1256 1188 1381 1244 alius
1404 1187 1598 1246 canalis
1621 1186 2053 1242 membranaceus

106 1301 395 1377 nigricante
417 1299 633 1356 materia
659 1299 877 1372 plenus,
919 1297 1012 1371 qui
1044 1316 1074 1353 a
1112 1295 1364 1373 superiori
1405 1313 1617 1372 organo
1652 1293 1722 1350 ad
1757 1292 1917 1350 bafim
1951 1291 2054 1349 fere

109 1427 277 1485 usque
314 1406 664 1478 descendens,
702 1403 904 1463 ibidem
937 1403 1153 1461 reflexus
1188 1403 1245 1460 in
1279 1421 1541 1479 organum
1579 1401 1792 1460 inferius
1825 1400 1873 1458 se
1907 1399 2053 1459 inser-

107 1530 224 1575 tum
250 1517 302 1572 it.

361 1622 588 1697 Organa
611 1621 786 1676 haecce
810 1619 1144 1696 quandoque
1165 1617 1366 1676 fortiter
1391 1619 1848 1693 constringuntur,
1887 1634 2058 1692 quan-

108 1732 298 1807 doque
317 1732 637 1792 relaxantur,
678 1729 749 1784 ita
782 1740 991 1798 tamen,
1037 1740 1095 1783 ut
1124 1744 1406 1800 nunquam
1441 1728 1544 1784 ulla
1581 1738 1862 1803 appe-rtura
1899 1724 2056 1780 inter-

107 1839 283 1897 media
306 1849 567 1914 appareat.
650 1836 768 1894 Sive
794 1835 1001 1892 huncce
1031 1836 1312 1907 Tethyorum
1347 1833 1644 1892 fasciculum
1680 1846 1824 1890 extra
1858 1850 2055 1907 aquam

108 1945 519 2015 contrectarem,
571 1943 670 2001 five
704 1961 831 2001 vero
866 1943 923 1999 in
956 1961 1096 2020 aqua
1128 1945 1277 2002 [itum
1318 1942 1733 2012 considerarem,
1773 1958 2055 2015 nunquam

106 2071 312 2129 organa
343 2070 538 2128 aquam
565 2052 759 2126 spirare
796 2050 1093 2117 observavi,
1132 2050 1597 2127 quemadmodum
1640 2050 1868 2123 Dthyum
1903 2056 2058 2104 coria·

110 2182 244 2218 ceum
271 2161 328 2218 id
348 2159 514 2216 facere
540 2159 720 2216 suevit.
784 2167 788 2177 '

366 2266 578 2342 Quodfi
604 2284 797 2341 corpus
827 2266 1084 2343 ejusmodi
1120 2267 1286 2338 Tethyi
1310 2265 1509 2322 acicula
1536 2265 1617 2323 vel
1642 2264 1778 2341 stylo
1796 2280 2056 2339 quocun-

112 2391 219 2450 que
245 2373 501 2447 irritetur,
540 2387 719 2433 totum
754 2375 926 2433 versus
968 2375 1127 2432 basim
1166 2374 1469 2449 propriam,
1506 2372 1592 2431 seu
1629 2372 1800 2432 versus
1835 2369 2057 2428 fasciculi

111 2495 350 2540 centrum
373 2484 710 2540 contrahitur
733 2483 790 2540 &
812 2467 1123 2559 corrugatur
1139 2527 1155 2554 ‚
1176 2482 1386 2556 reliquis
1414 2481 1774 2539 immobilibus
1796 2480 2057 2555 perfisten-

112 2589 269 2646 tibus.
352 2589 512 2647 Unde
534 2589 800 2647 fasciculus
822 2591 937 2662 hie,
977 2590 1095 2648 licet
1120 2607 1288 2647 unum
1310 2605 1505 2661 corpus
1527 2587 1621 2645 este
1645 2591 1903 2658 videatur,
1938 2604 2055 2643 non

114 2709 297 2754 tamen
331 2714 501 2754 unum
535 2697 855 2775 simplexque
892 2697 1086 2755 animal
1122 2698 1221 2768 est,
1264 2697 1354 2753 sed
1387 2699 1541 2772 plura
1581 2698 1744 2769 Tethyi
1782 2695 2055 2753 individua

113 2821 238 2861 eum
264 2805 605 2863 constituunt.
681 2806 763 2862 En
787 2805 929 2864 aliud
954 2805 1059 2881 ipsa
1082 2805 1197 2863 luce
1241 2793 1422 2863 clarius
1460 2819 1857 2881 argumentum,
1903 2800 2057 2878 quod

115 2913 272 2987 plane
295 2912 493 2986 probat
515 2918 707 2970 Pennas
729 2914 957 2990 litophyta
979 2914 1036 2970 ὅτ.
1056 2919 1249 2970 corallia
1273 2914 1515 2989 simplicia
1540 2913 1784 2971 animalia
1809 2911 1917 2969 effe.

1014 3021 1064 3076 R
1112 3038 1142 3093 3
1797 3020 1992 3076 Utrum
