2513 3435
174 1726 319 1792 figura
341 1740 385 1774 2.

441 104 549 155 1621
1193 90 1420 148 CAPUT
1465 89 1621 162 XII.

690 215 745 273 'Si
767 221 1028 293 quisquam
1059 218 1190 283 Rajae
1217 234 1461 290 nusquam
1492 217 1790 289 conspexerit
1823 237 1939 290 ova,

809 331 1014 401 Dirigat
1039 323 1132 379 huc
1152 326 1391 378 oculorum
1413 327 1490 379 ille
1523 327 1716 395 sitorum
1744 333 1910 383 aciem.

690 434 1069 507 Namfaecunda
1089 451 1275 508 parens
1300 436 1440 503 Rajis
1471 449 1656 488 natam
1677 436 1904 490 creandis
1931 478 1933 481 v
2021 450 2027 457 '

810 542 1090 613 ostentavit
1122 559 1221 616 opes
1245 544 1353 596 laeta
1365 542 1730 613 sitbindesitas.

693 648 922 705 Minime
945 660 1183 704 attamen
1205 645 1415 704 asserere
1449 650 1644 721 cupiO,
1685 647 1837 722 quod
1869 665 2055 705 omnes
2092 647 2263 704 acervi
2294 663 2386 704 eo*

441 756 562 815 dem
592 774 816 814 numero
835 757 1073 832 julotum
1098 754 1378 831 gaudeant.
1461 756 1607 815 Nam
1645 757 1725 813 alii
1769 756 1919 829 sunt,
1959 759 2014 815 in
2062 755 2255 832 quibus
2291 767 2392 812 trea

441 868 583 924 centi
607 885 669 923 ex
699 884 812 923 uno
836 865 1128 941 ligamento
1147 862 1417 938 pendent,
1461 863 1544 931 alii
1577 882 1703 922 vero
1730 883 1792 923 ex
1835 866 2082 923 ducentis
2122 865 2391 940 quinqua-.-

442 977 590 1050 ginta
617 974 739 1048 julis
779 985 1258 1048 coagmentantur,
1327 971 1560 1047 denique
1596 973 1684 1040 alii
1713 986 1929 1031 centum
1959 973 2291 1048 septuaginta
2329 971 2390 1030 &

440 1081 647 1156 aliquot
661 1081 803 1156 julos
826 1081 1086 1139 sustinent.
1131 1083 1244 1159 Qi
1273 1079 1410 1140 Tab.
1435 1079 1555 1136 XII.
1580 1080 1813 1155 depiClus
1839 1080 1909 1137 est
1933 1097 2175 1150 acervus,
2207 1079 2391 1136 o8cua-

441 1191 589 1264 ginta
624 1189 884 1247 duntaxat
921 1188 1064 1265 julos
1105 1176 1451 1260 numerabat,
1504 1206 1740 1265 quorum
1777 1187 2004 1266 singulus
2039 1199 2141 1244 tres
2171 1186 2393 1260 pollices

442 1315 566 1355 cum
593 1296 813 1356 dimidio
837 1298 1030 1387 longus
1054 1310 1177 1355 erat.
1253 1297 1406 1369 Julus
1433 1314 1559 1355 vero
1587 1298 1628 1359 F
1631 1299 1697 1372 ig.
1741 1317 1789 1354 2.
1824 1297 2114 1356 delineatus
2145 1295 2389 1371 quinque

442 1404 658 1478 pollices
681 1405 737 1463 &
762 1400 869 1466 tres*
888 1407 1048 1465 lineas
1072 1405 1410 1483 adaequabat.
1953 1397 1956 1400 ’

1250 1559 1318 1649 ς.
1375 1556 1580 1634 vm,

446 1726 728 1884 Quum
758 1722 904 1780 hunc
924 1722 993 1781 ab
1018 1739 1208 1782 acervo
1234 1724 1408 1798 digitis
1432 1720 1665 1796 separare
1687 1731 1945 1778 tentarem
1978 1738 2037 1777 ea
2070 1719 2391 1791 attentione,

637 1850 705 1889 ne
729 1832 879 1890 faetus
901 1835 954 1889 in
974 1833 1042 1890 eo
1066 1844 1356 1888 contentos
1377 1830 1655 1902 laederem,
1696 1831 1953 1901 mirabar,
1993 1828 2147 1904 quod
2183 1829 2239 1886 id
2263 1844 2393 1902 prae-

444 1945 574 2002 stare
599 1960 716 1999 non
744 1939 989 2016 postem,-
1012 1941 1144 2015 quin
1164 1938 1310 1995 simul
1335 1956 1584 2014 magnam
1608 1938 1920 2013 portionem
1952 1937 2220 2011 ligamenti
2246 1942 2395 1994 com-

447 2051 620 2109 munis
642 2071 686 2105 ιι.
711 2049 1007 2105 lacerarem.
1121 2046 1261 2103 Hinc
1293 2045 1613 2105 solutionem
1638 2046 1838 2103 hancce
1870 2040 2057 2102 eadem
2075 2045 2281 2102 cautela
2303 2044 2392 2101 [aa.

445 2160 561 2233 pius
581 2157 844 2227 reiteravi,
881 2154 1079 2231 semper
1101 2167 1281 2212 tamen
1315 2173 1435 2211 cum
1469 2153 1663 2211 eodem
1697 2151 1882 2210 infelici
1915 2152 2170 2224 successu,
2211 2152 2391 2211 donec

445 2267 714 2343 ligamenti
736 2266 1070 2341 portionem,
1114 2281 1235 2339 quae
1259 2263 1481 2321 veficulis
1507 2263 1603 2338 juli
1640 2263 1881 2337 proxima
1916 2261 2016 2332 est,
2049 2239 2248 2319 'minus‘
2272 2278 2390 2337 pre-

443 2371 669 2445 merem,
713 2391 888 2449 neque
914 2372 1154 2428 sollicitus
1178 2369 1327 2428 effem
1344 2416 1359 2442 ,
1402 2383 1579 2427 utrum
1603 2372 1717 2428 ovis
1741 2370 1845 2427 vim
1871 2368 2102 2443 aliquam
2122 2366 2386 2438 inferrem,

445 2495 607 2556 atque
643 2495 773 2538 tunc
815 2480 1031 2556 quidem
1077 2478 1207 2536 nihil
1243 2479 1311 2536 de
1356 2479 1632 2536 communi
1669 2478 1960 2552 ligamento
1999 2474 2257 2548 separavi,
2299 2472 2388 2535 sed

444 2607 632 2648 ornnes
653 2589 920 2661 veficulas,
961 2608 1082 2665 quae
1101 2589 1330 2648 totidem
1353 2605 1456 2645 ova
1475 2586 1626 2658 sunt,
1667 2604 1697 2641 a
1724 2584 2044 2658 ligamentO,
2089 2583 2242 2658 quod
2267 2582 2386 2656 julo

443 2700 724 2776 proprium
743 2699 840 2768 est,
879 2699 1103 2755 minimo
1128 2698 1353 2772 negotio
1375 2694 1562 2766 avulsi,
1599 2695 1700 2765 ita,
1719 2707 1778 2750 ut
1800 2692 1925 2750 illud
1956 2710 2150 2766 magna
2180 2692 2249 2762 vi,
2275 2707 2384 2766 qua

443 2807 641 2881 pollet,
683 2805 884 2863 elastica
914 2805 1119 2862 refiliret
1143 2848 1156 2868 ‚
1214 2804 1450 2862 veficulae
1483 2806 1660 2861 autem
1693 2802 1952 2881 liquorem
1985 2801 2040 2857 δε
2070 2800 2198 2857 huic
2233 2800 2387 2856 inna-
2437 2794 2439 2796 ’

441 2913 839 2974 tantesfaetusb.
865 2915 908 2971 b,
935 2915 977 2970 b.
1000 2915 1298 2973 retinerent.
1377 2912 1751 2986 Ligamentum
1777 2911 1957 2986 itaque
1994 2908 2188 2981 hocce,
2229 2905 2384 2982 quod

2225 3028 2307 3073 to-
