2513 3435
931 113 1029 171 Dss
1078 112 1324 171 HYDRA.
2030 133 2094 192 81

399 233 476 294 Ex
507 237 616 293 hoc
645 237 825 307 Iaffitdrae
846 234 899 289 in
929 232 1102 291 fundo
1128 237 1286 293 maris
1319 235 1445 306 fitu,
1486 253 1647 312 quem
1689 237 1845 296 etiam
1884 242 1937 298 in
1965 245 2098 318 vast,

144 346 349 403 marina
376 343 596 418 repleto,
632 340 801 415 posita
820 342 1026 412 retinet,
1067 343 1280 401 cuilibet
1303 343 1546 414 patulum
1569 344 1667 414 est3
1708 347 1860 421 quod
1884 366 2000 406 non
2022 364 2096 408 te-

142 452 358 510 merarie
386 449 601 507 dorsum
626 448 684 505 δε
712 462 950 506 ventrem
985 451 1091 523 ejus
1129 450 1618 523 determinaverim,
1657 453 1811 527 quod
1843 468 2090 517 caeterum

140 562 197 618 in
219 576 444 633 corpore
471 556 762 632 cylindrico
786 556 907 614 sane
938 573 1195 633 perquam
1220 556 1444 614 arduum
1469 559 1604 615 facin
1639 558 1816 617 fuisset.
1897 564 2088 640 Qum

140 680 320 723 autem
346 664 526 722 omnia
551 662 793 720 animalia
816 661 1148 721 uniformiter
1171 677 1353 723 ventre
1372 665 1653 738 incedant,
1672 669 1754 725 vel
1775 669 1817 725 ei
1840 669 2089 743 insistant,

141 773 198 830 ἃ
225 774 401 843 fibtdra
423 788 481 828 ea
502 770 740 843 corporis
759 783 907 846 parte
934 788 1158 846 quoque
1182 784 1374 828 terram
1405 771 1666 846 respiciat,
1710 775 1764 831 in
1789 791 1894 850 qua
1927 791 2088 832 tenta-

138 885 249 937 cula
272 881 535 951 cylindrica
577 875 823 952 disposita
866 876 1014 947 sunt3
1062 876 1260 936 clarum
1294 881 1524 936 omnino
1563 880 1663 952 est,
1702 879 1847 940 hanc
1876 896 2084 956 partem

137 985 412 1044 abdomen
436 983 524 1040 seu
542 997 781 1042 ventrem
806 985 969 1041 nostri
992 985 1218 1061 Zoophyti
1242 985 1350 1043 effe.

391 1094 658 1150 Caeterum
686 1092 953 1150 tentacula
976 1093 1243 1150 Ventralia
1264 1112 1416 1169 aeque
1442 1113 1504 1152 ac
1526 1077 1749 1154 dorsalia
1773 1111 1877 1170 pro
1910 1098 2082 1162 lubitu

136 1201 371 1260 animalis
407 1212 687 1257 exeruntur
720 1200 800 1258 vel
832 1200 1197 1257 obliterantur.
1290 1203 1429 1260 Hinc
1460 1201 1700 1260 musculis
1731 1203 2084 1265 elevatoribus

133 1310 192 1368 δε
217 1309 633 1384 deprimentibus
663 1326 722 1364 ea
744 1308 962 1383 praedita
993 1307 1113 1379 efle,
1154 1326 1271 1366 non
1307 1310 1433 1369 levis
1469 1309 1768 1383 conjectura
1810 1311 1910 1382 est3
1954 1312 2080 1370 ideo

132 1418 214 1478 vel
236 1418 491 1487 maxime,
530 1414 682 1490 quod
709 1417 892 1472 omnia
927 1414 1143 1491 praefata
1176 1418 1440 1476 tentacula
1471 1419 1590 1494 post
1631 1431 1861 1477 mortem
1894 1438 2080 1478 evane-

133 1526 306 1595 scant3
346 1523 490 1580 unde
535 1522 684 1579 fimul
723 1522 1033 1580 innotescit:
1092 1543 1279 1583 omnes
1324 1539 1526 1582 naturae
1574 1527 1808 1585 curiosos
1850 1541 2079 1586 mortuae

131 1634 311 1702 Hydrae
326 1630 546 1704 figuram
575 1627 778 1702 dedisse,
794 1649 961 1706 quum
984 1631 1129 1688 nulla
1157 1635 1262 1707 ejus
1284 1635 1549 1692 tentacula
1574 1635 1915 1709 expresserint,
1957 1637 2078 1694 Du·

131 1739 248 1797 blus
273 1739 454 1794 haereo
480 1754 549 1794 an
568 1755 685 1793 non
712 1739 867 1794 etiam
892 1738 970 1794 Cl.
997 1737 1237 1794 LINNAEUS
1275 1738 1424 1817 super
1447 1756 1658 1799 mortua
1684 1747 1862 1816 Hydra
1892 1745 2075 1803 chara-

130 1846 320 1903 &erem
346 1847 650 1921 genericum
675 1845 1027 1919 constituerit,
1068 1863 1193 1903 cum
1218 1848 1416 1905 horum
1450 1849 1842 1911 tentaculorum
1876 1853 2075 1911 nullam

128 1954 457 2012 mentionem
481 1949 650 2010 faciat.
1174 1936 1177 1939 ⁵

975 2106 1041 2195 ὃς.
1106 2107 1231 2177 iv.

205 2267 323 2323 llam
351 2269 589 2342 corporis
608 2283 812 2342 partem
839 2271 894 2326 in
924 2270 1234 2328 animalibus
1272 2281 1435 2342 caput
1468 2272 1741 2348 appellari,
1784 2276 1837 2332 in
1871 2292 1978 2350 qua
2012 2295 2074 2339 os

239 2373 390 2431 situm
414 2376 512 2448 est,
551 2392 751 2434 vermes
784 2376 840 2434 δε
867 2395 1033 2434 erucae
1072 2376 1288 2436 abunde
1332 2378 1553 2437 docent:
1594 2383 1652 2439 in
1682 2386 1858 2454 Hydra
1891 2387 2073 2461 itaque

129 2487 214 2544 illa
241 2485 566 2557 extremitas,
606 2486 661 2541 in
685 2502 792 2560 qua
817 2503 878 2542 os
900 2485 1194 2545 orbiculare
1199 2489 1252 2554 fi
1272 2487 1407 2546 inter
1442 2490 1706 2548 tentacula
1740 2491 1943 2549 ramosa
1957 2515 2005 2572 g.
2021 2516 2070 2571 g.

118 2614 167 2671 g.
181 2614 229 2670 g.
255 2592 570 2668 conspicitur
587 2637 604 2664 ,
645 2605 905 2667 tanquam
931 2605 1094 2666 caput
1122 2595 1228 2668 ejus
1264 2614 1486 2671 quoque
1507 2596 1778 2656 salutanda
1802 2601 1943 2657 venit
1959 2619 1976 2670 3
2016 2600 2074 2656 li-

129 2712 210 2757 cet
232 2699 359 2755 nulli
384 2699 554 2771 oculi,
594 2699 858 2773 nullaeque
882 2698 996 2756 aliae
1020 2712 1168 2758 notae
1193 2703 1374 2777 capitis
1405 2704 1706 2765 distineiivae
1734 2709 1788 2765 in
1809 2727 1865 2765 ea
1891 2724 2071 2765 occur-

128 2820 261 2864 rant.
338 2807 567 2864 Fimbria
597 2807 642 2862 h.
670 2808 715 2864 h.
753 2807 1156 2866 membranacea
1191 2813 1393 2884 tenuis,
1434 2800 1706 2887 laciniata,
1749 2814 1985 2872 subfusca
2021 2815 2072 2872 il-

129 2913 222 2971 lud
254 2913 610 2989 amplectitur,
651 2918 791 2989 cujus
833 2918 1034 2974 laciniae
1070 2918 1327 2994 aequaleS,
1369 2919 1679 2996 cuspidatae,
1727 2923 2074 2980 cuneiformes

1067 3024 1111 3078 L
1895 3049 2005 3086 ma-
