2513 3435
925 95 1025 153 DE.
1069 91 1307 150 PENNA.
1976 117 2080 163 121

128 238 197 282 eo
223 232 462 278 attamen
485 236 608 276 cum
635 218 717 275 Cl.
749 219 870 273 Ellis
894 215 1192 274 consentire
1218 230 1464 290 neque0,
1505 212 1664 291 quod
1693 218 1872 289 Hydra
1897 227 2085 276 araim

127 349 193 389 ex
225 349 319 398 23.
339 332 533 404 ,Pohpis
567 323 864 400 composita
888 323 983 394 sit,
1020 321 1109 380 sed
1146 321 1375 399 suspicor
1410 322 1541 379 illud
1562 324 1825 400 Zoophyton
1848 325 2084 386 totidem

127 437 401 496 tentaculis
427 436 533 494 oris
569 448 790 492 munere
825 429 1203 506 fungentibu5‚
1237 448 1357 490 non
1388 431 1531 489 secus
1564 447 1626 488 ac
1657 436 1858 503 Pmna,
1897 432 2080 491 instru-

126 547 271 605 &um
298 543 410 603 elle.

379 650 484 710 Sed
513 659 717 725 quaeret
740 645 958 707 forsitan
979 648 1238 723 quispiam
1261 662 1324 704 ex
1349 664 1464 718 me,
1501 662 1595 703 cur
1628 647 1848 704 unicum
1879 648 2077 706 animal

122 777 218 819 ore
243 760 401 817 toties
423 757 775 833 multiplicato
800 757 1048 831 indiget?
1088 756 1294 813 dicam:
1337 755 1530 826 vietus,
1563 755 1812 812 struCtura
1836 772 1936 812 nec
1959 773 2078 813 non

121 868 243 927 situs
266 869 464 924 horum
487 864 793 923 animalium
819 863 875 922 id
897 865 1135 938 exigunt·
1214 862 1454 918 Minimis
1479 863 1619 918 enim
1644 861 1842 919 inseetis
1875 863 2078 920 vastiffi-

120 994 272 1034 mum
294 993 442 1033 mare
462 973 928 1032 deambulantibus
963 971 1113 1029 haud
1151 968 1314 1028 dubie
1338 967 1650 1040 vestuntur‚
1690 969 1943 1043 quaedam
1985 989 2072 1028 ve-

120 1085 215 1141 luti
239 1084 421 1141 ultima
442 1088 616 1138 Pennae
637 1080 827 1156 species
847 1081 905 1138 &
920 1081 1097 1152 Hydra
1115 1085 1305 1134 armen
1327 1093 1608 1152 nunquam
1634 1075 1816 1133 Iocum
1842 1059 2073 1147 mutant,

121 1190 209 1249 led
235 1203 499 1267 perpetuo
521 1189 624 1248 fixa
646 1189 754 1246 aliis
780 1187 1099 1266 corporibus
1124 1185 1375 1254 infident3
1426 1185 1525 1242 alia
1548 1183 2074 1259 denique-quemad-

121 1299 350 1357 modum
369 1299 568 1373 priores
599 1297 723 1355 duae
758 1303 934 1354 Pennae
962 1296 1154 1369 species
1184 1291 1461 1350 lentiffime
1496 1308 1594 1367 per
1620 1309 1763 1349 mare
1792 1303 2074 1366 vagantur.

121 1406 200 1462 Ut
223 1407 407 1480 itaque
435 1404 626 1462 cuneta
650 1403 909 1479 ejusmodi
935 1402 1177 1460 animalia
1208 1401 1484 1460 sufficienti
1514 1394 1848 1458 nutrimento
1880 1397 2076 1473 gaude-

51 1542 57 1547 ·
119 1526 271 1584 rent,
309 1511 481 1570 inillis
507 1529 603 1569 ora
632 1510 1053 1588 quaquaversum
1076 1509 1297 1586 dispersa
1317 1510 1466 1580 sunt,
1504 1526 1574 1565 ne
1598 1507 1778 1564 multae
1805 1506 1932 1564 escae
1957 1505 2075 1563 haec

119 1617 504 1694 subterfugiant
516 1640 534 1690 3
573 1621 630 1675 in
654 1618 735 1676 his
769 1636 898 1677 vero
935 1636 1032 1675 ora
1070 1617 1269 1692 duplici
1307 1617 1569 1676 duntaxat
1605 1616 1797 1673 ordine
1830 1612 2075 1690 dispofita

118 1729 268 1800 sunt,
309 1745 479 1803 quum
506 1727 687 1783 locum
722 1723 973 1800 tantisper
1003 1726 1272 1784 mutando
1303 1724 1546 1798 praedam
1584 1722 1801 1798 iplamet
1842 1739 2075 1797 quaerere

119 1835 346 1904 valeant.
422 1833 620 1909 Neque
650 1834 841 1890 mirum
866 1833 920 1890 id
946 1833 1212 1891 videatur:
1254 1831 1410 1907 quod
1438 1849 1501 1889 os
1537 1830 1594 1888 in
1620 1828 1834 1903 fimplici
1859 1829 2075 1886 animali

117 1956 277 2002 tanto
301 1960 530 1999 numero
556 1954 837 2012 occurrat,
876 1959 1000 1999 cum
1026 1940 1167 1999 idem
1195 1956 1318 1997 cum
1347 1938 1452 1997 aliis
1476 1938 1716 2014 partibus
1756 1939 1814 1995 in
1854 1937 2075 2011 quibus-

120 2048 600 2112 dam‘animalibus
638 2066 863 2126 quoque
897 2047 1106 2107 evenire
1139 2047 1494 2105 observemus.
1588 2045 1668 2103 Ita
1707 2047 1848 2103 enim
1886 2064 2073 2101 aranea

122 2162 250 2219 offilo
272 2158 439 2216 oculis
457 2155 704 2212 instrusta
726 2156 828 2226 est,
854 2156 987 2213 dum
1013 2169 1198 2212 caetera
1221 2154 1464 2212 animalia
1485 2152 1624 2210 duos
1651 2153 1914 2211 duntaxat
1935 2170 2072 2211 ocu-

120 2270 201 2326 los
221 2266 443 2324 habent·
513 2263 590 2321 lta
600 2265 914 2339 scolopendra
935 2260 1300 2338 septuaginta,
1351 2273 1568 2320 centum
1602 2261 1659 2318 &
1685 2262 1822 2318 ultra
1854 2275 2069 2320 centum

120 2372 285 2450 pedes
308 2372 501 2444 habet,
540 2370 674 2429 dum
697 2370 798 2428 alia
825 2371 1072 2430 animalia
1106 2371 1349 2442 duobUS,
1392 2349 1790 2445 alia‘ffiuatuoss
1832 2369 1892 2428 &
1935 2388 2071 2427 non-

120 2481 267 2540 nulla
294 2482 456 2558 paulo
473 2478 716 2555 pluribus
739 2478 969 2553 pedibus
990 2479 1266 2539 incedunt.
1348 2479 1427 2537 Ita
1452 2478 1683 2553 denique
1717 2496 1886 2536 erucae
1916 2478 2073 2550 pluri-

121 2591 224 2648 bus
248 2590 469 2648 tracheis·
492 2587 729 2664 praeditae
757 2586 908 2661 sunt,
938 2589 1070 2648 dum
1091 2590 1146 2646 in
1171 2589 1367 2646 caeteris
1386 2587 1700 2646 animalibus
1728 2588 1882 2643 unica
1900 2586 2071 2643 solum

123 2698 208 2757 via
232 2708 410 2774 patet,
446 2710 542 2769 pet
563 2713 730 2772 quam
756 2712 842 2754 aer
864 2698 918 2754 in
942 2697 1230 2770 pulmones
1259 2699 1447 2767 intrat,
1500 2695 1559 2753 &
1592 2714 1658 2771 eg<
1693 2697 1753 2752 iis
1787 2694 2066 2770 egreditur.

376 2805 465 2861 An
491 2804 670 2880 itaque
691 2804 918 2881 litophyta
944 2803 1002 2862 δε
1028 2809 1225 2862 corallia
1247 2822 1366 2862 non
1388 2804 1574 2862 itidem
1607 2803 1848 2879 simplicia
1873 2805 2073 2860 anima-

126 2912 194 2971 lia
213 2908 364 2986 sunt,
405 2914 696 2978 tantoorls
713 2930 941 2972 numero
967 2910 1248 2971 instruerat?
1285 2915 1416 2972 fixus
1445 2930 1630 2971 eoru-m
1654 2912 1804 2983 litus,
1843 2912 1900 2968 &
1926 2928 2073 2966 com-

1035 3021 1143 3099 Q.
1884 3037 1998 3109 mu-
