2513 3435
916 101 1009 161 DE
1050 99 1341 159 LERNAEA.
2028 123 2098 181 35

145 229 279 286 tinet
315 225 497 296 situm,
568 223 754 282 fortius
790 225 1133 281 contrestatae
1176 224 1443 300 liquorem
1482 224 1704 282 lat'teum
1735 218 1969 299 ejiciant,
2009 228 2101 298 qui

145 334 267 392 lane
291 332 500 391 effluere
523 349 640 388 non
663 329 857 405 poss'et,
894 331 984 387 nifi
1010 332 1195 388 duetus
1219 334 1516 389 communis
1552 343 1695 390 extra
1734 348 1924 408 corpus
1955 345 2099 407 pate-

143 454 238 498 ret.
323 439 498 519 Qod
519 440 573 496 in
597 437 702 495 aliis
723 437 980 494 orificium
1005 437 1189 494 duetus
1226 441 1496 497 excretorii
1533 440 1833 498 communis
1857 439 2098 496 adhibita

143 550 296 606 omni
318 548 585 621 diligentia
611 546 912 620 conspicere
954 562 1072 602 non
1108 544 1384 615 valuerim,
1430 549 1567 604 ratio
1604 546 1699 603 est:
1744 546 1868 620 quia
1908 561 2094 603 omnes

139 659 376 715 minores
411 666 590 725 erant,
651 653 736 711 illa
775 670 902 712 vero
941 654 1197 723 maxima,
1255 656 1309 711 in
1349 673 1455 729 qua
1490 667 1606 710 tum
1646 653 1925 728 glandula,
1980 665 2095 708 tum

141 765 326 821 omnia
370 761 558 820 viscera
611 764 811 835 majora
854 772 1032 830 erant,
1073 759 1459 833 consequenter
1500 764 1657 817 etiam
1701 763 1866 818 exitus
1907 759 2092 817 ductus

140 868 442 927 communis
471 868 635 942 magis
675 879 876 939 patens.
955 866 1178 941 Liquor,
1205 884 1366 940 quem
1398 886 1526 925 mox
1552 868 1803 943 descripta
1839 868 2092 943 glandula

136 976 382 1047 secernit,
425 973 717 1033 venenosus
756 974 855 1043 est,
895 974 1024 1030 hinc
1051 972 1303 1048 glandula
1331 973 1644 1033 veneniferae
1684 993 1888 1035 nomen
1925 992 2091 1033 mere-

137 1098 237 1142 tur.
315 1080 624 1158 Qomodo
648 1093 966 1139 venenatam
1001 1080 1220 1154 liquoris
1254 1081 1489 1139 indolem
1526 1096 1767 1158 expertus
1803 1083 1922 1154 fim,
1961 1080 2090 1139 refe-

139 1208 283 1262 ram,
324 1191 607 1266 postquam
647 1209 706 1247 ea
730 1206 1250 1260 commemoravere,
1294 1207 1417 1264 quae
1442 1189 1529 1246 alii
1552 1190 1807 1250 Auctores
1832 1191 1899 1248 de
1918 1194 2089 1247 lernaea

135 1297 392 1372 scripsere.

257 1626 531 1672 numerata
552 1611 738 1672 viscera
760 1612 946 1671 euntia
957 1613 1013 1672 in
1033 1630 1140 1671 una
1161 1613 1464 1672 abdominis
1488 1617 1710 1690 cavitate
1733 1615 2083 1686 collocantur,

142 1777 146 1781 .
209 1711 260 1772 A*
297 1723 395 1779 alia
421 1739 549 1780 vero
576 1722 767 1779 cavitas
791 1722 847 1778 in
883 1723 1062 1780 medio
1086 1722 1191 1780 fere
1213 1727 1389 1777 lernaeae
1419 1738 1648 1795 corpore
1674 1725 1914 1793 obvenit,
1959 1741 2083 1796 quae

131 1844 314 1888 tamen
337 1847 455 1886 non
477 1830 618 1899 prius
642 1840 819 1902 patet,
861 1847 922 1885 ac
957 1831 1088 1886 dum
1112 1830 1218 1900 ejus
1241 1827 1586 1904 sepimentum
1621 1848 1652 1886 a
1689 1832 1887 1902 pariete
1924 1833 2080 1886 inter·

133 1956 210 1995 no
249 1937 572 1995 membranae
606 1935 860 1992 cellulosae
886 1936 1248 2003 gconstitutum
1281 1935 1528 1992 aufertur.
1620 1936 1685 1993 In
1720 1935 1826 1994 hac
1860 1939 2082 1994 cavitate

129 2058 318 2118 praeter
345 2062 439 2101 cor
462 2043 667 2100 nullum
692 2043 834 2105 aliud
863 2041 1025 2102 viscus
1051 2044 1201 2100 fitum
1234 2043 1332 2114 est,
1375 2044 1518 2100 unde
1555 2045 1730 2119 priore
1774 2044 2080 2102 abdominis

132 2153 357 2208 cavitate
380 2151 542 2208 altera
568 2153 796 2208 multum
822 2150 1090 2226 angustior
1113 2150 1208 2214 est,
1253 2163 1415 2224 atque
1439 2150 1637 2207 molem
1672 2149 1846 2206 cordis
1888 2166 2080 2222 parum

131 2257 347 2316 excedit.
446 2257 699 2314 Parietem
736 2256 1043 2332 oppofitum
1082 2257 1296 2331 hujusce
1339 2258 1576 2314 cavitatis
1610 2244 1918 2313 membrana
1952 2257 2079 2313 inte-

128 2369 233 2424 rior
270 2384 331 2422 os
371 2364 738 2422 conchiforme
769 2365 1038 2422 investiens
1074 2362 1296 2434 format3
1338 2366 1490 2435 hinc,
1530 2383 1649 2422 cum
1687 2382 1927 2422 concava
1958 2362 2076 2422 offis

128 2491 245 2548 pars
270 2492 361 2531 cor
395 2472 565 2532 versus
601 2472 921 2542 collocetur,
963 2471 1137 2531 forma
1172 2472 1381 2532 alterius
1414 2474 1647 2531 cavitatis
1682 2489 1926 2532 convexo
1966 2471 2078 2546 pla-

129 2581 345 2653 naest.¹
1974 2571 1976 2574 ’

383 2688 496 2747 Cor
539 2685 831 2751 musculum
868 2688 1249 2766 pyramidalem
1286 2706 1475 2746 cavum
1511 2688 1870 2762 praeseferens,
1929 2688 2075 2747 hoti-

129 2796 585 2864 zontalemfttum
627 2797 685 2852 in
723 2814 949 2872 corpore
992 2810 1084 2853 aut
1121 2798 1303 2855 melius
1335 2799 1391 2855 in
1436 2799 1595 2855 altera
1634 2804 1810 2855 lernaeae
1852 2800 2074 2855 cavitate

133 2904 370 2976 obtinet,
414 2916 575 2979 atque
603 2904 801 2976 duplici
824 2906 940 2964 vase
959 2906 1264 2964 instrutlum
1295 2907 1394 2977 est3
1436 2905 1630 2965 horum
1653 2908 1872 2966 alterum
1895 2927 1941 2961 a.
1969 2903 2074 2961 basi
2095 2904 2246 2971 Figura
2271 2913 2347 2964 17·

1015 3014 1058 3070 E
1100 3034 1133 3070 2
1886 3031 1996 3069 cor-
