<?xml version="1.0" encoding="UTF-8"?>
<!DOCTYPE html PUBLIC "-//W3C//DTD XHTML 1.0 Transitional//EN"
    "http://www.w3.org/TR/xhtml1/DTD/xhtml1-transitional.dtd">
<html xmlns="http://www.w3.org/1999/xhtml" xml:lang="en" lang="en">
 <head>
  <title>
</title>
<meta http-equiv="Content-Type" content="text/html;charset=utf-8" />
  <meta name='ocr-system' content='tesseract 3.04.00' />
  <meta name='ocr-capabilities' content='ocr_page ocr_carea ocr_par ocr_line ocrx_word'/>
</head>
<body>
  <div class='ocr_page' id='page_1' title='image "./dequibusdamanima00boh_0027.png"; bbox 0 0 2513 3435; ppageno 0'>
   <div class='ocr_carea' id='block_1_1' title="bbox 921 54 2109 132">
    <p class='ocr_par' dir='ltr' id='par_1_1' title="bbox 921 54 2109 132">
     <span class='ocr_line' id='line_1_1' title="bbox 921 54 2109 132; baseline 0 -23"><span class='ocrx_word' id='word_1_1' title='bbox 921 54 1016 109; x_wconf 71' lang='lat' dir='ltr'>Dr.</span> <span class='ocrx_word' id='word_1_2' title='bbox 1058 54 1356 110; x_wconf 50' lang='lat' dir='ltr'>Lamiam</span> <span class='ocrx_word' id='word_1_3' title='bbox 2081 83 2109 132; x_wconf 85' lang='lat'>3</span> 
     </span>
    </p>
   </div>
   <div class='ocr_carea' id='block_1_2' title="bbox 137 173 2105 795">
    <p class='ocr_par' dir='ltr' id='par_1_2' title="bbox 137 173 2105 795">
     <span class='ocr_line' id='line_1_2' title="bbox 144 173 2104 253; baseline 0.003 -15"><span class='ocrx_word' id='word_1_4' title='bbox 144 188 290 238; x_wconf 86' lang='lat' dir='ltr'>taxat</span> <span class='ocrx_word' id='word_1_5' title='bbox 312 187 508 235; x_wconf 85' lang='lat' dir='ltr'>notum</span> <span class='ocrx_word' id='word_1_6' title='bbox 541 185 744 233; x_wconf 82' lang='lat' dir='ltr'>naturae</span> <span class='ocrx_word' id='word_1_7' title='bbox 766 173 976 233; x_wconf 80' lang='lat' dir='ltr'>curiosis</span> <span class='ocrx_word' id='word_1_8' title='bbox 1005 173 1154 247; x_wconf 67' lang='lat' dir='ltr'>ess‘et,</span> <span class='ocrx_word' id='word_1_9' title='bbox 1193 176 1251 233; x_wconf 91' lang='lat'>&amp;</span> <span class='ocrx_word' id='word_1_10' title='bbox 1290 192 1495 234; x_wconf 87' lang='lat' dir='ltr'>nomen</span> <span class='ocrx_word' id='word_1_11' title='bbox 1533 174 1683 234; x_wconf 86' lang='lat' dir='ltr'>suum</span> <span class='ocrx_word' id='word_1_12' title='bbox 1715 178 1831 253; x_wconf 86' lang='lat' dir='ltr'>jam</span> <span class='ocrx_word' id='word_1_13' title='bbox 1872 179 2104 245; x_wconf 83' lang='lat' dir='ltr'>haberet.</span> 
     </span>
     <span class='ocr_line' id='line_1_3' title="bbox 143 282 2105 361; baseline 0.003 -17"><span class='ocrx_word' id='word_1_14' title='bbox 143 287 300 345; x_wconf 84' lang='lat' dir='ltr'>Plura</span> <span class='ocrx_word' id='word_1_15' title='bbox 323 287 464 343; x_wconf 87' lang='lat' dir='ltr'>enim</span> <span class='ocrx_word' id='word_1_16' title='bbox 485 286 708 342; x_wconf 86' lang='lat' dir='ltr'>nomina</span> <span class='ocrx_word' id='word_1_17' title='bbox 745 282 915 339; x_wconf 87' lang='lat' dir='ltr'>eidem</span> <span class='ocrx_word' id='word_1_18' title='bbox 948 283 1019 338; x_wconf 88' lang='lat' dir='ltr'>rei</span> <span class='ocrx_word' id='word_1_19' title='bbox 1059 282 1311 357; x_wconf 84' lang='lat' dir='ltr'>affignata</span> <span class='ocrx_word' id='word_1_20' title='bbox 1352 282 1718 343; x_wconf 76' lang='lat' dir='ltr'>confusionem</span> <span class='ocrx_word' id='word_1_21' title='bbox 1759 289 2005 361; x_wconf 83' lang='lat' dir='ltr'>pariunt,</span> <span class='ocrx_word' id='word_1_22' title='bbox 2048 291 2105 350; x_wconf 91' lang='lat'>&amp;</span> 
     </span>
     <span class='ocr_line' id='line_1_4' title="bbox 142 387 2100 468; baseline 0.002 -14"><span class='ocrx_word' id='word_1_23' title='bbox 142 396 454 454; x_wconf 83' lang='lat' dir='ltr'>memoriam</span> <span class='ocrx_word' id='word_1_24' title='bbox 474 408 568 465; x_wconf 90' lang='lat' dir='ltr'>per</span> <span class='ocrx_word' id='word_1_25' title='bbox 594 387 872 448; x_wconf 87' lang='lat' dir='ltr'>selabilem</span> <span class='ocrx_word' id='word_1_26' title='bbox 907 391 1158 448; x_wconf 84' lang='lat' dir='ltr'>inutiliter</span> <span class='ocrx_word' id='word_1_27' title='bbox 1201 406 1457 467; x_wconf 82' lang='lat' dir='ltr'>agravant</span> <span class='ocrx_word' id='word_1_28' title='bbox 1496 393 1863 468; x_wconf 87' lang='lat' dir='ltr'>deteruntque.</span> <span class='ocrx_word' id='word_1_29' title='bbox 1940 397 2100 457; x_wconf 83' lang='lat' dir='ltr'>Unde</span> 
     </span>
     <span class='ocr_line' id='line_1_5' title="bbox 143 497 2098 579; baseline 0.003 -20"><span class='ocrx_word' id='word_1_30' title='bbox 143 500 608 579; x_wconf 83' lang='lat' dir='ltr'>quemadmodum</span> <span class='ocrx_word' id='word_1_31' title='bbox 631 498 810 555; x_wconf 83' lang='lat' dir='ltr'>haecce</span> <span class='ocrx_word' id='word_1_32' title='bbox 834 497 1225 558; x_wconf 83' lang='lat' dir='ltr'>denominandi</span> <span class='ocrx_word' id='word_1_33' title='bbox 1256 500 1424 559; x_wconf 90' lang='lat' dir='ltr'>libido</span> <span class='ocrx_word' id='word_1_34' title='bbox 1464 501 1609 577; x_wconf 87' lang='lat' dir='ltr'>apud</span> <span class='ocrx_word' id='word_1_35' title='bbox 1639 503 1926 561; x_wconf 80' lang='lat' dir='ltr'>Botanicos</span> <span class='ocrx_word' id='word_1_36' title='bbox 1950 508 2098 564; x_wconf 88' lang='lat' dir='ltr'>mini·</span> 
     </span>
     <span class='ocr_line' id='line_1_6' title="bbox 139 605 2097 689; baseline 0.002 -21"><span class='ocrx_word' id='word_1_37' title='bbox 139 629 225 668; x_wconf 91' lang='lat' dir='ltr'>me</span> <span class='ocrx_word' id='word_1_38' title='bbox 250 611 449 687; x_wconf 85' lang='lat' dir='ltr'>placet,</span> <span class='ocrx_word' id='word_1_39' title='bbox 489 609 560 663; x_wconf 87' lang='lat' dir='ltr'>ita</span> <span class='ocrx_word' id='word_1_40' title='bbox 594 605 740 681; x_wconf 87' lang='lat' dir='ltr'>apud</span> <span class='ocrx_word' id='word_1_41' title='bbox 773 605 1062 682; x_wconf 81' lang='lat' dir='ltr'>Zoologos</span> <span class='ocrx_word' id='word_1_42' title='bbox 1095 606 1232 665; x_wconf 82' lang='lat' dir='ltr'>illam</span> <span class='ocrx_word' id='word_1_43' title='bbox 1266 624 1548 684; x_wconf 86' lang='lat' dir='ltr'>nunquam</span> <span class='ocrx_word' id='word_1_44' title='bbox 1584 611 1771 668; x_wconf 83' lang='lat' dir='ltr'>exoriri</span> <span class='ocrx_word' id='word_1_45' title='bbox 1807 611 2097 689; x_wconf 84' lang='lat' dir='ltr'>plurimum</span> 
     </span>
     <span class='ocr_line' id='line_1_7' title="bbox 137 712 1668 795; baseline -0.001 -18"><span class='ocrx_word' id='word_1_46' title='bbox 137 731 292 795; x_wconf 84' lang='lat' dir='ltr'>opto.</span> <span class='ocrx_word' id='word_1_47' title='bbox 371 717 494 790; x_wconf 88' lang='lat' dir='ltr'>Jam</span> <span class='ocrx_word' id='word_1_48' title='bbox 520 733 647 774; x_wconf 83' lang='lat' dir='ltr'>vero</span> <span class='ocrx_word' id='word_1_49' title='bbox 674 712 839 788; x_wconf 83' lang='lat' dir='ltr'>ipsam</span> <span class='ocrx_word' id='word_1_50' title='bbox 870 718 1047 771; x_wconf 80' lang='lat' dir='ltr'>lernaeae</span> <span class='ocrx_word' id='word_1_51' title='bbox 1070 714 1344 775; x_wconf 86' lang='lat' dir='ltr'>historiam</span> <span class='ocrx_word' id='word_1_52' title='bbox 1376 718 1668 793; x_wconf 83' lang='lat' dir='ltr'>aggrediar.</span> 
     </span>
    </p>
   </div>
   <div class='ocr_carea' id='block_1_3' title="bbox 982 864 1236 954">
    <p class='ocr_par' dir='ltr' id='par_1_3' title="bbox 982 864 1236 954">
     <span class='ocr_line' id='line_1_8' title="bbox 982 864 1236 954; baseline 0.004 -21"><span class='ocrx_word' id='word_1_53' title='bbox 982 865 1049 954; x_wconf 55' lang='grc' dir='ltr'>ς.</span> <span class='ocrx_word' id='word_1_54' title='bbox 1101 864 1236 934; x_wconf 89' lang='lat'>111.</span> 
     </span>
    </p>
   </div>
   <div class='ocr_carea' id='block_1_4' title="bbox 121 1010 2326 3049">
    <p class='ocr_par' dir='ltr' id='par_1_4' title="bbox 127 1010 2326 1967">
     <span class='ocr_line' id='line_1_9' title="bbox 256 1010 2313 1117; baseline 0.003 -25"><span class='ocrx_word' id='word_1_55' title='bbox 256 1032 529 1109; x_wconf 84' lang='lat' dir='ltr'>ongitudo</span> <span class='ocrx_word' id='word_1_56' title='bbox 548 1030 714 1090; x_wconf 89' lang='lat' dir='ltr'>totius</span> <span class='ocrx_word' id='word_1_57' title='bbox 737 1034 912 1087; x_wconf 80' lang='lat' dir='ltr'>lernaeae</span> <span class='ocrx_word' id='word_1_58' title='bbox 954 1029 1065 1104; x_wconf 71' lang='lat' dir='ltr'>sex,</span> <span class='ocrx_word' id='word_1_59' title='bbox 1106 1028 1330 1107; x_wconf 63' lang='lat' dir='ltr'>septem,</span> <span class='ocrx_word' id='word_1_60' title='bbox 1372 1031 1454 1092; x_wconf 90' lang='lat' dir='ltr'>vel</span> <span class='ocrx_word' id='word_1_61' title='bbox 1479 1010 1605 1091; x_wconf 64' lang='grc' dir='ltr'>οὲἶο</span> <span class='ocrx_word' id='word_1_62' title='bbox 1630 1033 1850 1108; x_wconf 86' lang='lat' dir='ltr'>pollices</span> <span class='ocrx_word' id='word_1_63' title='bbox 1874 1037 2091 1117; x_wconf 74' lang='lat' dir='ltr'>assequi-</span> <span class='ocrx_word' id='word_1_64' title='bbox 2111 1058 2250 1112; x_wconf 65' lang='lat' dir='ltr'>TAB,</span> <span class='ocrx_word' id='word_1_65' title='bbox 2276 1063 2313 1114; x_wconf 84' lang='lat'>1.</span> 
     </span>
     <span class='ocr_line' id='line_1_10' title="bbox 132 1034 2326 1216; baseline 0.004 -17"><span class='ocrx_word' id='word_1_66' title='bbox 132 1034 254 1193; x_wconf 87' lang='lat' dir='ltr'>L</span> <span class='ocrx_word' id='word_1_67' title='bbox 292 1157 407 1214; x_wconf 73' lang='lat' dir='ltr'>tur,</span> <span class='ocrx_word' id='word_1_68' title='bbox 446 1139 676 1197; x_wconf 89' lang='lat' dir='ltr'>latitudo</span> <span class='ocrx_word' id='word_1_69' title='bbox 700 1153 800 1196; x_wconf 88' lang='lat' dir='ltr'>tres</span> <span class='ocrx_word' id='word_1_70' title='bbox 826 1139 1040 1215; x_wconf 87' lang='lat' dir='ltr'>pollices</span> <span class='ocrx_word' id='word_1_71' title='bbox 1070 1139 1128 1196; x_wconf 89' lang='lat'>&amp;</span> <span class='ocrx_word' id='word_1_72' title='bbox 1152 1140 1358 1216; x_wconf 84' lang='lat' dir='ltr'>aliquot</span> <span class='ocrx_word' id='word_1_73' title='bbox 1382 1142 1543 1199; x_wconf 87' lang='lat' dir='ltr'>lineas</span> <span class='ocrx_word' id='word_1_74' title='bbox 1560 1160 1679 1200; x_wconf 89' lang='lat' dir='ltr'>non</span> <span class='ocrx_word' id='word_1_75' title='bbox 1702 1146 1920 1204; x_wconf 84' lang='lat' dir='ltr'>excedit.</span> <span class='ocrx_word' id='word_1_76' title='bbox 1977 1150 2090 1206; x_wconf 90' lang='lat' dir='ltr'>Co·</span> <span class='ocrx_word' id='word_1_77' title='bbox 2109 1130 2257 1197; x_wconf 59' lang='lat' dir='ltr'>Figura</span> <span class='ocrx_word' id='word_1_78' title='bbox 2286 1147 2326 1184; x_wconf 74' lang='lat'>¹³</span> 
     </span>
     <span class='ocr_line' id='line_1_11' title="bbox 131 1246 2089 1328; baseline -0.002 -19"><span class='ocrx_word' id='word_1_79' title='bbox 131 1254 214 1314; x_wconf 87' lang='lat' dir='ltr'>lor</span> <span class='ocrx_word' id='word_1_80' title='bbox 238 1269 338 1328; x_wconf 87' lang='lat' dir='ltr'>pro</span> <span class='ocrx_word' id='word_1_81' title='bbox 363 1250 612 1308; x_wconf 84' lang='lat' dir='ltr'>varietate</span> <span class='ocrx_word' id='word_1_82' title='bbox 641 1247 897 1304; x_wconf 88' lang='lat' dir='ltr'>individui</span> <span class='ocrx_word' id='word_1_83' title='bbox 930 1246 1158 1306; x_wconf 85' lang='lat' dir='ltr'>diversus</span> <span class='ocrx_word' id='word_1_84' title='bbox 1179 1248 1280 1305; x_wconf 89' lang='lat' dir='ltr'>est:</span> <span class='ocrx_word' id='word_1_85' title='bbox 1324 1250 1379 1305; x_wconf 91' lang='lat' dir='ltr'>in</span> <span class='ocrx_word' id='word_1_86' title='bbox 1401 1249 1638 1325; x_wconf 85' lang='lat' dir='ltr'>plurimis</span> <span class='ocrx_word' id='word_1_87' title='bbox 1661 1250 1862 1326; x_wconf 78' lang='lat' dir='ltr'>fuscus,</span> <span class='ocrx_word' id='word_1_88' title='bbox 1904 1275 2089 1318; x_wconf 71' lang='lat' dir='ltr'>macu-</span> 
     </span>
     <span class='ocr_line' id='line_1_12' title="bbox 130 1330 2086 1437; baseline 0.004 -21"><span class='ocrx_word' id='word_1_89' title='bbox 130 1360 189 1417; x_wconf 87' lang='lat' dir='ltr'>lis</span> <span class='ocrx_word' id='word_1_90' title='bbox 215 1377 332 1416; x_wconf 92' lang='lat' dir='ltr'>non</span> <span class='ocrx_word' id='word_1_91' title='bbox 353 1355 508 1415; x_wconf 87' lang='lat' dir='ltr'>nullis</span> <span class='ocrx_word' id='word_1_92' title='bbox 526 1330 889 1413; x_wconf 80' lang='lat' dir='ltr'>livescentibus</span> <span class='ocrx_word' id='word_1_93' title='bbox 909 1356 1242 1414; x_wconf 89' lang='lat' dir='ltr'>subobscuris</span> <span class='ocrx_word' id='word_1_94' title='bbox 1266 1357 1730 1432; x_wconf 79' lang='lat' dir='ltr'>intercedentibuS,</span> <span class='ocrx_word' id='word_1_95' title='bbox 1744 1361 2086 1437; x_wconf 66' lang='lat' dir='ltr'>obstrvatur3</span> 
     </span>
     <span class='ocr_line' id='line_1_13' title="bbox 129 1463 2085 1546; baseline 0.004 -24"><span class='ocrx_word' id='word_1_96' title='bbox 129 1467 185 1524; x_wconf 92' lang='lat' dir='ltr'>in</span> <span class='ocrx_word' id='word_1_97' title='bbox 210 1463 530 1543; x_wconf 84' lang='lat' dir='ltr'>quibusdam</span> <span class='ocrx_word' id='word_1_98' title='bbox 555 1465 774 1520; x_wconf 84' lang='lat' dir='ltr'>maculae</span> <span class='ocrx_word' id='word_1_99' title='bbox 805 1463 1103 1522; x_wconf 86' lang='lat' dir='ltr'>livescentes</span> <span class='ocrx_word' id='word_1_100' title='bbox 1142 1463 1522 1540; x_wconf 88' lang='lat' dir='ltr'>frequentiores</span> <span class='ocrx_word' id='word_1_101' title='bbox 1555 1466 1906 1546; x_wconf 83' lang='lat' dir='ltr'>clarioresque</span> <span class='ocrx_word' id='word_1_102' title='bbox 1946 1472 2085 1543; x_wconf 71' lang='lat' dir='ltr'>sunt,</span> 
     </span>
     <span class='ocr_line' id='line_1_14' title="bbox 129 1570 2083 1654; baseline 0.003 -22"><span class='ocrx_word' id='word_1_103' title='bbox 129 1587 292 1649; x_wconf 87' lang='lat' dir='ltr'>atque</span> <span class='ocrx_word' id='word_1_104' title='bbox 324 1571 494 1628; x_wconf 76' lang='lat' dir='ltr'>luscus</span> <span class='ocrx_word' id='word_1_105' title='bbox 523 1570 606 1630; x_wconf 89' lang='lat' dir='ltr'>ille</span> <span class='ocrx_word' id='word_1_106' title='bbox 638 1572 790 1628; x_wconf 91' lang='lat' dir='ltr'>color</span> <span class='ocrx_word' id='word_1_107' title='bbox 824 1573 988 1648; x_wconf 81' lang='lat' dir='ltr'>magis</span> <span class='ocrx_word' id='word_1_108' title='bbox 1018 1572 1213 1631; x_wconf 88' lang='lat' dir='ltr'>dilutus</span> <span class='ocrx_word' id='word_1_109' title='bbox 1247 1586 1482 1648; x_wconf 85' lang='lat' dir='ltr'>apparet.</span> <span class='ocrx_word' id='word_1_110' title='bbox 1564 1574 1752 1649; x_wconf 80' lang='lat' dir='ltr'>Pauci,</span> <span class='ocrx_word' id='word_1_111' title='bbox 1792 1581 1885 1654; x_wconf 91' lang='lat' dir='ltr'>qui</span> <span class='ocrx_word' id='word_1_112' title='bbox 1925 1581 2083 1638; x_wconf 88' lang='lat' dir='ltr'>etiam</span> 
     </span>
     <span class='ocr_line' id='line_1_15' title="bbox 127 1679 2084 1758; baseline 0.003 -18"><span class='ocrx_word' id='word_1_113' title='bbox 127 1687 352 1758; x_wconf 82' lang='lat' dir='ltr'>majores</span> <span class='ocrx_word' id='word_1_114' title='bbox 382 1679 500 1736; x_wconf 87' lang='lat' dir='ltr'>sunt</span> <span class='ocrx_word' id='word_1_115' title='bbox 521 1723 537 1750; x_wconf 79' lang='grc'>,</span> <span class='ocrx_word' id='word_1_116' title='bbox 577 1697 845 1755; x_wconf 87' lang='lat' dir='ltr'>purpureo</span> <span class='ocrx_word' id='word_1_117' title='bbox 870 1680 1050 1738; x_wconf 90' lang='lat' dir='ltr'>colore</span> <span class='ocrx_word' id='word_1_118' title='bbox 1077 1683 1282 1752; x_wconf 81' lang='lat' dir='ltr'>nitent,</span> <span class='ocrx_word' id='word_1_119' title='bbox 1324 1695 1489 1758; x_wconf 86' lang='lat' dir='ltr'>atque·</span> <span class='ocrx_word' id='word_1_120' title='bbox 1531 1703 1595 1741; x_wconf 84' lang='lat' dir='ltr'>ex</span> <span class='ocrx_word' id='word_1_121' title='bbox 1632 1684 1742 1756; x_wconf 83' lang='lat' dir='ltr'>his,</span> <span class='ocrx_word' id='word_1_122' title='bbox 1787 1685 1917 1743; x_wconf 91' lang='lat' dir='ltr'>dum</span> <span class='ocrx_word' id='word_1_123' title='bbox 1950 1705 2084 1746; x_wconf 86' lang='lat' dir='ltr'>con-</span> 
     </span>
     <span class='ocr_line' id='line_1_16' title="bbox 127 1787 2082 1863; baseline 0.004 -17"><span class='ocrx_word' id='word_1_124' title='bbox 127 1790 443 1858; x_wconf 57' lang='lat' dir='ltr'>metantur,</span> <span class='ocrx_word' id='word_1_125' title='bbox 486 1787 664 1863; x_wconf 89' lang='lat' dir='ltr'>liquor</span> <span class='ocrx_word' id='word_1_126' title='bbox 692 1805 755 1843; x_wconf 82' lang='lat' dir='ltr'>ex</span> <span class='ocrx_word' id='word_1_127' title='bbox 776 1787 1017 1844; x_wconf 84' lang='lat' dir='ltr'>universo</span> <span class='ocrx_word' id='word_1_128' title='bbox 1047 1805 1276 1862; x_wconf 87' lang='lat' dir='ltr'>corpore</span> <span class='ocrx_word' id='word_1_129' title='bbox 1301 1789 1495 1848; x_wconf 89' lang='lat' dir='ltr'>eodem</span> <span class='ocrx_word' id='word_1_130' title='bbox 1518 1790 1699 1848; x_wconf 82' lang='lat' dir='ltr'>colore</span> <span class='ocrx_word' id='word_1_131' title='bbox 1729 1793 1919 1852; x_wconf 60' lang='lat' dir='ltr'>tinstus</span> <span class='ocrx_word' id='word_1_132' title='bbox 1942 1814 2082 1854; x_wconf 85' lang='lat' dir='ltr'>ema-</span> 
     </span>
     <span class='ocr_line' id='line_1_17' title="bbox 127 1894 1244 1967; baseline -0.002 -12"><span class='ocrx_word' id='word_1_133' title='bbox 127 1909 254 1967; x_wconf 84' lang='lat' dir='ltr'>nat3</span> <span class='ocrx_word' id='word_1_134' title='bbox 296 1915 358 1953; x_wconf 83' lang='lat' dir='ltr'>ex</span> <span class='ocrx_word' id='word_1_135' title='bbox 383 1894 490 1953; x_wconf 84' lang='lat' dir='ltr'>aliis</span> <span class='ocrx_word' id='word_1_136' title='bbox 514 1913 640 1953; x_wconf 89' lang='lat' dir='ltr'>vero</span> <span class='ocrx_word' id='word_1_137' title='bbox 665 1895 870 1953; x_wconf 86' lang='lat' dir='ltr'>albidus</span> <span class='ocrx_word' id='word_1_138' title='bbox 899 1914 1082 1954; x_wconf 88' lang='lat' dir='ltr'>mucus</span> <span class='ocrx_word' id='word_1_139' title='bbox 1116 1895 1244 1953; x_wconf 86' lang='lat' dir='ltr'>fluit.</span> 
     </span>
    </p>

    <p class='ocr_par' dir='ltr' id='par_1_5' title="bbox 121 2003 2081 2622">
     <span class='ocr_line' id='line_1_18' title="bbox 383 2003 2081 2081; baseline 0.006 -22"><span class='ocrx_word' id='word_1_140' title='bbox 383 2004 567 2076; x_wconf 84' lang='lat' dir='ltr'>Caput</span> <span class='ocrx_word' id='word_1_141' title='bbox 587 2003 891 2081; x_wconf 82' lang='lat' dir='ltr'>oblongum</span> <span class='ocrx_word' id='word_1_142' title='bbox 913 2018 1146 2081; x_wconf 86' lang='lat' dir='ltr'>quatuor</span> <span class='ocrx_word' id='word_1_143' title='bbox 1171 2005 1443 2065; x_wconf 86' lang='lat' dir='ltr'>cornubus</span> <span class='ocrx_word' id='word_1_144' title='bbox 1468 2004 1552 2064; x_wconf 88' lang='lat' dir='ltr'>seu</span> <span class='ocrx_word' id='word_1_145' title='bbox 1575 2008 1851 2068; x_wconf 86' lang='lat' dir='ltr'>tentaculis</span> <span class='ocrx_word' id='word_1_146' title='bbox 1893 2027 2081 2070; x_wconf 85' lang='lat' dir='ltr'>carno-</span> 
     </span>
     <span class='ocr_line' id='line_1_19' title="bbox 124 2111 2079 2192; baseline 0.006 -25"><span class='ocrx_word' id='word_1_147' title='bbox 124 2112 183 2172; x_wconf 82' lang='lat' dir='ltr'>fis</span> <span class='ocrx_word' id='word_1_148' title='bbox 207 2111 512 2168; x_wconf 54' lang='lat' dir='ltr'>instrusslum</span> <span class='ocrx_word' id='word_1_149' title='bbox 539 2111 633 2168; x_wconf 76' lang='lat' dir='ltr'>effe</span> <span class='ocrx_word' id='word_1_150' title='bbox 667 2113 904 2183; x_wconf 80' lang='lat' dir='ltr'>videtur,</span> <span class='ocrx_word' id='word_1_151' title='bbox 943 2112 1056 2176; x_wconf 90' lang='lat' dir='ltr'>duo</span> <span class='ocrx_word' id='word_1_152' title='bbox 1076 2125 1314 2171; x_wconf 81' lang='lat' dir='ltr'>attamen</span> <span class='ocrx_word' id='word_1_153' title='bbox 1339 2114 1543 2172; x_wconf 83' lang='lat' dir='ltr'>dunxat</span> <span class='ocrx_word' id='word_1_154' title='bbox 1574 2121 1791 2192; x_wconf 87' lang='lat' dir='ltr'>proprie</span> <span class='ocrx_word' id='word_1_155' title='bbox 1812 2121 2079 2180; x_wconf 83' lang='lat' dir='ltr'>tentacula</span> 
     </span>
     <span class='ocr_line' id='line_1_20' title="bbox 126 2214 2077 2301; baseline 0.004 -22"><span class='ocrx_word' id='word_1_156' title='bbox 126 2219 357 2279; x_wconf 88' lang='lat' dir='ltr'>dicenda</span> <span class='ocrx_word' id='word_1_157' title='bbox 394 2232 634 2278; x_wconf 87' lang='lat' dir='ltr'>anatura</span> <span class='ocrx_word' id='word_1_158' title='bbox 666 2220 754 2297; x_wconf 81' lang='lat' dir='ltr'>ipli</span> <span class='ocrx_word' id='word_1_159' title='bbox 787 2220 1022 2279; x_wconf 76' lang='lat' dir='ltr'>concessa</span> <span class='ocrx_word' id='word_1_160' title='bbox 1058 2221 1190 2278; x_wconf 88' lang='lat' dir='ltr'>sunt.</span> <span class='ocrx_word' id='word_1_161' title='bbox 1267 2222 1402 2280; x_wconf 90' lang='lat' dir='ltr'>Duo</span> <span class='ocrx_word' id='word_1_162' title='bbox 1451 2225 1589 2280; x_wconf 89' lang='lat' dir='ltr'>enim</span> <span class='ocrx_word' id='word_1_163' title='bbox 1626 2214 1805 2301; x_wconf 80' lang='lat' dir='ltr'>priora</span> <span class='ocrx_word' id='word_1_164' title='bbox 1834 2248 1880 2282; x_wconf 80' lang='lat' dir='ltr'>a.</span> <span class='ocrx_word' id='word_1_165' title='bbox 1919 2251 1966 2285; x_wconf 86' lang='lat' dir='ltr'>a.</span> <span class='ocrx_word' id='word_1_166' title='bbox 2013 2247 2077 2287; x_wconf 82' lang='lat' dir='ltr'>ex</span> 
     </span>
     <span class='ocr_line' id='line_1_21' title="bbox 121 2327 2074 2411; baseline 0.005 -26"><span class='ocrx_word' id='word_1_167' title='bbox 121 2327 269 2385; x_wconf 84' lang='lat' dir='ltr'>labio</span> <span class='ocrx_word' id='word_1_168' title='bbox 287 2327 514 2386; x_wconf 85' lang='lat' dir='ltr'>carnoso</span> <span class='ocrx_word' id='word_1_169' title='bbox 538 2331 593 2386; x_wconf 90' lang='lat' dir='ltr'>in</span> <span class='ocrx_word' id='word_1_170' title='bbox 614 2333 879 2388; x_wconf 85' lang='lat' dir='ltr'>anteriore</span> <span class='ocrx_word' id='word_1_171' title='bbox 901 2330 1083 2404; x_wconf 87' lang='lat' dir='ltr'>capitis</span> <span class='ocrx_word' id='word_1_172' title='bbox 1119 2344 1270 2403; x_wconf 87' lang='lat' dir='ltr'>parte</span> <span class='ocrx_word' id='word_1_173' title='bbox 1309 2345 1432 2389; x_wconf 90' lang='lat' dir='ltr'>ante</span> <span class='ocrx_word' id='word_1_174' title='bbox 1471 2350 1533 2390; x_wconf 89' lang='lat' dir='ltr'>os</span> <span class='ocrx_word' id='word_1_175' title='bbox 1564 2332 1939 2409; x_wconf 89' lang='lat' dir='ltr'>propendente</span> <span class='ocrx_word' id='word_1_176' title='bbox 1967 2354 2074 2411; x_wconf 90' lang='lat' dir='ltr'>pro</span> 
     </span>
     <span class='ocr_line' id='line_1_22' title="bbox 122 2435 2073 2514; baseline 0.007 -22"><span class='ocrx_word' id='word_1_177' title='bbox 122 2436 292 2493; x_wconf 87' lang='lat' dir='ltr'>lubitu</span> <span class='ocrx_word' id='word_1_178' title='bbox 315 2436 551 2493; x_wconf 87' lang='lat' dir='ltr'>animalis</span> <span class='ocrx_word' id='word_1_179' title='bbox 572 2435 906 2510; x_wconf 78' lang='lat' dir='ltr'>formantur,</span> <span class='ocrx_word' id='word_1_180' title='bbox 947 2451 1108 2514; x_wconf 87' lang='lat' dir='ltr'>atque</span> <span class='ocrx_word' id='word_1_181' title='bbox 1141 2440 1342 2499; x_wconf 89' lang='lat' dir='ltr'>nullam</span> <span class='ocrx_word' id='word_1_182' title='bbox 1374 2442 1640 2501; x_wconf 88' lang='lat' dir='ltr'>interdum</span> <span class='ocrx_word' id='word_1_183' title='bbox 1677 2461 1939 2504; x_wconf 88' lang='lat' dir='ltr'>cornuum</span> <span class='ocrx_word' id='word_1_184' title='bbox 1979 2459 2073 2507; x_wconf 84' lang='lat' dir='ltr'>aut</span> 
     </span>
     <span class='ocr_line' id='line_1_23' title="bbox 123 2542 1158 2622; baseline 0.004 -21"><span class='ocrx_word' id='word_1_185' title='bbox 123 2543 514 2601; x_wconf 86' lang='lat' dir='ltr'>tentaculorum</span> <span class='ocrx_word' id='word_1_186' title='bbox 538 2542 767 2601; x_wconf 85' lang='lat' dir='ltr'>formam</span> <span class='ocrx_word' id='word_1_187' title='bbox 801 2545 1158 2622; x_wconf 84' lang='lat' dir='ltr'>praeseferunt.</span> 
     </span>
    </p>

    <p class='ocr_par' dir='ltr' id='par_1_6' title="bbox 122 2653 2069 2954">
     <span class='ocr_line' id='line_1_24' title="bbox 374 2653 2069 2738; baseline 0.008 -30"><span class='ocrx_word' id='word_1_188' title='bbox 374 2653 508 2708; x_wconf 89' lang='lat' dir='ltr'>Duo</span> <span class='ocrx_word' id='word_1_189' title='bbox 526 2654 816 2729; x_wconf 83' lang='lat' dir='ltr'>posteriora</span> <span class='ocrx_word' id='word_1_190' title='bbox 838 2656 880 2710; x_wconf 86' lang='lat' dir='ltr'>b.</span> <span class='ocrx_word' id='word_1_191' title='bbox 905 2657 945 2711; x_wconf 87' lang='lat' dir='ltr'>b.</span> <span class='ocrx_word' id='word_1_192' title='bbox 972 2655 1274 2714; x_wconf 87' lang='lat' dir='ltr'>auriformia</span> <span class='ocrx_word' id='word_1_193' title='bbox 1296 2656 1444 2731; x_wconf 83' lang='lat' dir='ltr'>sunt,</span> <span class='ocrx_word' id='word_1_194' title='bbox 1484 2656 1553 2715; x_wconf 82' lang='lat' dir='ltr'>ad</span> <span class='ocrx_word' id='word_1_195' title='bbox 1577 2657 1736 2718; x_wconf 85' lang='lat' dir='ltr'>basim</span> <span class='ocrx_word' id='word_1_196' title='bbox 1762 2662 2069 2738; x_wconf 82' lang='lat' dir='ltr'>cyh&#39;ndrica‚</span> 
     </span>
     <span class='ocr_line' id='line_1_25' title="bbox 123 2757 2069 2846; baseline 0.006 -27"><span class='ocrx_word' id='word_1_197' title='bbox 123 2757 295 2819; x_wconf 85' lang='lat' dir='ltr'>versus</span> <span class='ocrx_word' id='word_1_198' title='bbox 317 2760 518 2836; x_wconf 88' lang='lat' dir='ltr'>apicem</span> <span class='ocrx_word' id='word_1_199' title='bbox 539 2761 725 2819; x_wconf 73' lang='lat' dir='ltr'>latiora</span> <span class='ocrx_word' id='word_1_200' title='bbox 743 2806 759 2832; x_wconf 83' lang='lat'>‚</span> <span class='ocrx_word' id='word_1_201' title='bbox 796 2764 850 2820; x_wconf 88' lang='lat' dir='ltr'>in</span> <span class='ocrx_word' id='word_1_202' title='bbox 871 2764 984 2838; x_wconf 88' lang='lat' dir='ltr'>ipso</span> <span class='ocrx_word' id='word_1_203' title='bbox 1017 2766 1164 2839; x_wconf 87' lang='lat' dir='ltr'>apice</span> <span class='ocrx_word' id='word_1_204' title='bbox 1188 2768 1487 2825; x_wconf 87' lang='lat' dir='ltr'>acuminata</span> <span class='ocrx_word' id='word_1_205' title='bbox 1512 2767 1570 2825; x_wconf 87' lang='lat'>&amp;</span> <span class='ocrx_word' id='word_1_206' title='bbox 1590 2767 1760 2828; x_wconf 86' lang='lat' dir='ltr'>versus</span> <span class='ocrx_word' id='word_1_207' title='bbox 1782 2772 2069 2846; x_wconf 87' lang='lat' dir='ltr'>posteriora</span> 
     </span>
     <span class='ocr_line' id='line_1_26' title="bbox 122 2867 2066 2954; baseline 0.007 -30"><span class='ocrx_word' id='word_1_208' title='bbox 122 2867 304 2925; x_wconf 83' lang='lat' dir='ltr'>leniter</span> <span class='ocrx_word' id='word_1_209' title='bbox 337 2868 556 2927; x_wconf 80' lang='lat' dir='ltr'>finuosa.</span> <span class='ocrx_word' id='word_1_210' title='bbox 637 2870 775 2929; x_wconf 90' lang='lat' dir='ltr'>Hinc</span> <span class='ocrx_word' id='word_1_211' title='bbox 817 2891 965 2931; x_wconf 84' lang='lat' dir='ltr'>aures</span> <span class='ocrx_word' id='word_1_212' title='bbox 1001 2871 1330 2931; x_wconf 88' lang='lat' dir='ltr'>nullomodo</span> <span class='ocrx_word' id='word_1_213' title='bbox 1370 2877 1618 2953; x_wconf 87' lang='lat' dir='ltr'>appellari</span> <span class='ocrx_word' id='word_1_214' title='bbox 1659 2878 1899 2954; x_wconf 78' lang='lat' dir='ltr'>poffunt,</span> <span class='ocrx_word' id='word_1_215' title='bbox 1942 2897 2066 2938; x_wconf 88' lang='lat' dir='ltr'>cum</span> 
     </span>
    </p>

    <p class='ocr_par' dir='ltr' id='par_1_7' title="bbox 829 2982 2009 3049">
     <span class='ocr_line' id='line_1_27' title="bbox 829 2982 2009 3049; baseline 0.004 -10"><span class='ocrx_word' id='word_1_216' title='bbox 829 2986 832 2989; x_wconf 74' lang='grc'><strong><em>’</em></strong></span> <span class='ocrx_word' id='word_1_217' title='bbox 1050 2982 1098 3040; x_wconf 85' lang='grc' dir='ltr'><strong>Α</strong></span> <span class='ocrx_word' id='word_1_218' title='bbox 1145 3000 1179 3038; x_wconf 83' lang='lat'>2</span> <span class='ocrx_word' id='word_1_219' title='bbox 1890 2987 2009 3049; x_wconf 79' lang='lat' dir='ltr'>nul-</span> 
     </span>
    </p>
   </div>
  </div>
 </body>
</html>
