2513 3435
901 156 995 214 ΒΕ
1044 155 1300 214 anam
1990 173 2060 227 79

121 286 376 355 maxime,
422 281 574 359 quod
597 279 852 356 quispiam
879 297 941 334 ex
964 278 1078 335 solo
1116 282 1254 334 titulo
1292 277 1517 354 &figura
1558 277 1771 352 alicujus
1801 280 1905 348 rei,
1945 283 2070 356 quid

94 393 189 458 όν
214 395 513 470 quomodofit
537 385 818 463 agnoscere
855 386 1038 443 valeat.
1110 387 1171 443 Id
1202 384 1420 461 quidem
1457 401 1638 442 verum
1675 386 1768 442 est:
1813 386 1965 460 quod
2001 404 2064 443 ex

121 501 246 559 data
270 520 299 557 a
321 499 402 556 Cl.
427 497 561 552 Viro
595 494 762 565 Tethyi
785 493 950 567 figura
975 495 1313 568 agnoverim,
1353 490 1480 549 illud
1506 499 1782 548 Mentalam
1809 511 1924 549 non
1952 492 2063 564 esse,

120 610 248 683 quia
269 606 409 662 hanc
431 604 484 660 in
507 602 639 658 statu
662 601 885 657 naturali
909 599 1171 675 saepiffime
1197 597 1459 673 conspexi.
1537 601 1638 656 Cui
1664 613 1839 657 autem
1862 598 2064 654 occasio

120 710 237 769 haec
260 713 517 786 denegata
543 709 641 778 est,
665 709 879 764 minime
902 707 1159 763 Mentulae
1180 706 1350 762 ideam
1375 725 1436 762 ex
1463 706 1628 782 figura
1652 726 1682 763 a
1703 709 1783 765 CI.
1813 709 1946 764 Viro
1972 707 2066 763 da-

118 831 171 874 ta
195 818 424 874 formare
459 816 668 891 poterit.
741 796 886 870 Licet
931 795 1121 888 itaque*
1145 815 1249 869 hac
1278 813 1513 885 ratione,
1555 814 1687 888 quid
1724 813 1925 872 dictum
1956 833 2066 871 corv

116 942 212 1001 pus
236 924 320 995 fit,
372 924 712 999 agnoverim,
755 919 1044 995 quomodo
1066 932 1247 975 tamen
1270 919 1327 975 sit
1352 920 1565 998 minime
1587 920 1874 994 perspicere
1900 923 2063 979 valui:

116 1032 289 1107 potest
310 1033 452 1087 enirn
480 1029 721 1104 planam,
763 1028 1108 1102 cylindricam
1132 1027 1214 1085 vel
1236 1040 1453 1086 teretem
1473 1027 1703 1086 formam
1729 1030 1942 1101 habere,
1974 1043 2066 1086 aut

118 1139 376 1207 caeruleo,
417 1136 613 1206 rubr0,
657 1136 804 1192 luteo
826 1135 1040 1208 alioque
1066 1135 1249 1192 colore
1273 1136 1539 1208 depictum
1563 1154 1661 1193 nec
1703 1123 1824 1193 non
1862 1138 2064 1194 sexcen-

115 1248 181 1302 tis
201 1244 310 1301 aliis
336 1241 702 1301 affectionibus
731 1240 1012 1317 praeditum
1032 1240 1155 1313 effe,
1199 1260 1332 1317 quas
1366 1243 1490 1298 data
1532 1242 1698 1318 figura
1730 1245 1947 1300 minime
1982 1261 2066 1301 ex-

116 1353 290 1429 primit
366 1351 457 1407 Ast
481 1367 550 1405 ne
576 1349 656 1406 Cl.
683 1349 940 1404 PLANCUM
969 1349 1140 1407 severa
1177 1352 1354 1407 critica
1386 1352 1566 1423 potius
1594 1352 2063 1426 perstringendum,

119 1477 280 1534 quam
307 1461 581 1512 Mentulam
615 1457 699 1512 seu
722 1459 946 1527 Hydram
972 1456 1367 1516 describendam
1399 1457 1657 1534 suscepisse
1689 1458 1896 1533 videar,
1939 1479 2062 1537 pro-

115 1567 348 1647 pofitum
371 1566 500 1624 mihi
527 1579 665 1638 opus
678 1564 789 1638 jam
810 1563 1105 1639 aggredior.

275 1721 282 1728 ·
958 1716 1024 1804 ς.
1102 1716 1228 1784 ΙΠ.

309 1884 442 1955 ydra
468 1881 749 1939 demortua
776 1883 1130 1939 communiter
1156 1881 1280 1939 odo
1307 1882 1523 1958 pollices
1559 1882 1894 1958 longitudine
1927 1879 2064 1940 adae-
2086 1888 2226 1968 TAB.
2255 1890 2333 1940 VI.

344 2002 505 2065 quat,
544 1989 674 2046 dum
698 1990 806 2047 vita
830 1990 1027 2063 pollet3
1070 1990 1150 2048 vel
1172 1990 1305 2047 ultra
1326 1992 1480 2048 unius
1503 1991 1649 2066 pedis
1672 1991 2063 2065 longitudinem
2086 1960 2233 2026 figura
2259 1975 2297 2007 ¹⁰

113 2113 308 2170 corpus
329 2096 478 2153 suurn
503 2097 768 2168 extendit,
806 2098 886 2155 vel
911 2097 1038 2154 illu-d
1061 2100 1124 2154 in'
1138 2098 1364 2172 globum
1400 2097 1506 2155 fere
1551 2099 1832 2158 contrahit.
1905 2100 2062 2173 Figu-

112 2222 171 2263 ra
191 2208 295 2279 ejus
322 2203 614 2279 cylindrica
637 2204 730 2267 est,
775 2222 896 2278 quae
926 2205 1168 2287 undique
1199 2204 1451 2277 pollicem
1490 2206 1548 2262 &
1581 2206 1865 2263 nonnullas
1896 2206 2060 2264 lineas

113 2318 168 2372 in
194 2313 451 2369 diametro
476 2309 766 2383 assequitur.
846 2312 1084 2370 Dorsum
1106 2333 1152 2368 a.
1176 2310 1322 2368 fusco
1346 2313 1527 2369 colore
1551 2315 1774 2371 tinctum
1795 2315 1944 2372 variis
1975 2334 2063 2390 paa

78 2464 82 2467 .
111 2418 244 2491 pillis
268 2416 682 2494 pyramidalibus
704 2418 900 2475 carneis
936 2417 1195 2493 superbit,
1236 2438 1462 2494 quarum
1500 2422 1627 2479 basis
1664 2440 1887 2496 quoque
1921 2423 2061 2480 fusca

90 2525 214 2604 pest,
257 2542 389 2599 apex
413 2542 541 2582 vero
568 2524 776 2582 albicat.
856 2525 1100 2599 Duplicis
1127 2527 1507 2602 magnitudinis
1533 2529 1908 2601 observantur,
1951 2549 2061 2587 ma-

106 2633 250 2706 jores
271 2631 313 2686 h.
337 2632 380 2686 h.
406 2632 446 2687 b.
467 2632 509 2685 b.
523 2633 675 2704 juxta
696 2632 1093 2708 longitudinem
1118 2633 1254 2691 dorsi
1277 2635 1525 2709 utrinque
1549 2654 1776 2695 numero
1802 2650 2062 2711 quatuor-

116 2735 292 2794 decim
317 2750 626 2809 excurrunt,
664 2741 736 2795 ita
759 2752 818 2795 ut
843 2739 926 2797 sex
948 2741 1108 2798 lineas
1134 2759 1239 2799 una
1273 2741 1341 2798 ab
1378 2741 1535 2799 altera
1566 2744 1746 2814 distet,
1791 2743 1920 2800 dum
1959 2744 2060 2817 hy-

117 2842 214 2899 dra
249 2843 579 2919 aliquantum
607 2847 878 2904 contrac'ra
903 2848 1000 2917 est3
1043 2848 1175 2905 dum
1209 2867 1335 2907 vero
1369 2849 1681 2924 elongatur,
1722 2850 1946 2922 spatium
1985 2851 2058 2906 in-

115 2949 431 3009 termedium
456 2952 525 3010 ad
545 2954 672 3011 οξίο
694 2954 855 3012 lineas
876 2952 1024 3013 facile
1049 2957 1360 3014 extenditur.
1424 2957 1552 3014 Aliae
1577 2957 1754 3017 similes
1778 2958 1906 3014 hinc
1931 2956 2054 3012 inde

1870 3063 1986 3121 nul-
