2513 3435
369 146 447 187 20
1180 120 1232 177 C
1247 145 1276 176 a
1291 136 1364 177 ru
1377 140 1414 175 r
1450 119 1488 178 Ι.

620 242 782 303 Auxit
805 258 1003 300 novam
1028 241 1230 300 hancce
1251 239 1630 315 suspicionem,
1667 239 1820 316 quod
1844 241 1898 298 in
1928 241 2202 302 nonnullis
2224 247 2318 300 ler-

369 375 587 414 naearum
608 351 904 414 ventriculis
931 369 998 408 ne
1023 350 1242 407 unicam
1265 347 1483 425 quidem
1503 348 1836 407 cochleolam
1871 348 1952 406 vel
1977 349 2323 423 conchulam,

374 459 430 523 in
453 462 705 520 omnibus
728 477 853 519 vero
875 472 1076 517 certum
1100 456 1440 532 eundemque
1467 474 1749 515 numerum
1783 457 2038 514 (liciarum
2075 442 2328 533 cartilagi-

374 589 507 629 num
528 567 993 645 deprehenderem.
1055 564 1133 621 Ut
1156 565 1339 640 itaque
1363 568 1552 623 certior
1581 564 1683 622 hac
1707 564 1775 641 de
1795 581 1850 621 re
1873 563 2079 636 fierem,
2122 563 2327 623 summa

375 697 504 738 cum
528 677 823 734 attentione
850 674 906 731 &
932 670 1170 749 suspensa
1198 689 1361 730 manu
1385 670 1678 730 stcunduffi
1718 672 2067 730 ventriculum
2105 674 2327 730 recentis

376 793 551 843 lernaeae
576 783 814 854 diffecui,
858 793 1019 855 atque
1052 798 1152 858 pro
1175 780 1378 838 summa
1397 798 1516 837 mea
1552 778 1899 837 satisfactione
1920 781 2126 850 inveni,
2170 778 2329 854 quod

380 892 564 966 saepius
592 903 900 949 memoratae
932 890 1207 965 portiones
1231 888 1577 963 cartilagineae
1602 885 1814 944 interno
1847 886 2119 944 ventriculi
2148 887 2332 962 parieti

380 1014 628 1071 accretae,
669 1000 795 1056 hinc
818 997 1047 1056 totidem
1069 998 1175 1071 ejus
1201 995 1384 1054 dentes
1403 995 1574 1053 client.
1658 996 1824 1070 Cujus
1847 993 2028 1068 figurae
2051 993 2110 1051 hi
2131 995 2247 1064 lint,
2271 994 2330 1051 δε

381 1124 495 1182 quo
520 1108 710 1165 ordine
735 1106 1094 1177 collocentur,
1135 1106 1368 1180 denique
1395 1121 1502 1179 qua
1525 1104 1734 1161 ratione
1766 1101 1870 1178 ipse
1898 1101 2027 1161 alter
2065 1103 2331 1160 ventricu—

382 1215 462 1273 lus
491 1215 815 1276 constructus
836 1212 923 1286 fit,
952 1217 1063 1290 jam
1088 1213 1326 1273 referam

1225 1364 1291 1453 §-
1370 1361 1494 1431 lx.

392 1529 660 1688 Quod
682 1528 974 1587 naturalem
1001 1527 1279 1588 ventriculi
1305 1528 1457 1602 hujus
1482 1525 1634 1583 litum
1657 1527 1714 1582 in
1736 1539 1968 1597 corpore
1987 1525 2171 1579 -lernaeae
2220 1523 2336 1580 atti-

584 1653 704 1710 net,
744 1636 875 1695 infra
915 1635 1264 1696 ventriculum
1299 1636 1554 1710 primum,
1602 1634 1685 1690 cui
1719 1633 2006 1690 continuus
2041 1631 2155 1702 est„
2189 1642 2338 1687 extra

388 1747 726 1825 gangliorum
751 1745 1008 1803 annulum
1034 1745 1342 1802 collocatur.
1393 1743 1592 1799 Forma
1614 1744 1727 1816 ejus
1749 1738 2006 1797 annulum
2035 1735 2336 1794 dect-esten-

120 1851 271 1919 Figura
301 1864 342 1913 5·
390 1869 498 1913 tem
507 1878 557 1933 g.
581 1855 665 1912 sex
689 1854 850 1911 lineas
875 1854 1041 1910 latum
1064 1849 1248 1922 refert,
1288 1848 1706 1925 atqueannuIO,
1746 1865 1860 1923 quo
1891 1844 2111 1902 sartores
2152 1845 2230 1901 uti
2257 1841 2336 1902 so-

391 1964 500 2021 lent
520 1962 685 2019 similis
708 1960 793 2018 est.
871 1962 912 2018 F
914 1961 1040 2018 ibtae
1063 1958 1372 2016 niustulares
1396 1955 1706 2027 annulares,
1744 1953 2002 2013 robustae,
2040 1952 2214 2009 rubrae
2252 1965 2338 2009 to-

391 2085 504 2128 tam
541 2068 645 2126 fere
676 2069 947 2126 ventriculi
980 2066 1316 2125 substantiam
1351 2064 1711 2134 constituunt,
1752 2079 1887 2136 quas
1916 2061 2230 2117 membrana
2262 2072 2339 2117 te-

391 2179 511 2235 nuis
533 2177 791 2254 pellucida
817 2175 1125 2233 extrinsecus
1149 2174 1338 2247 cingit,
1363 2173 1505 2229 intus
1525 2187 1653 2228 vero
1677 2170 1776 2228 alia
1799 2168 1992 2226 fortior
2016 2165 2074 2224 δι
2096 2167 2202 2225 fere
2225 2180 2341 2226 ten-

393 2286 550 2344 dinea
576 2286 886 2342 membrana
910 2284 1134 2358 obtegit.

128 2385 275 2452 Figura
299 2387 344 2436 6.
650 2390 872 2448 Diffec‘ca
895 2387 1164 2448 ventriculi
1181 2391 1332 2463 juxta
1355 2384 1748 2460 longitudinem
1770 2379 2078 2446 substantia,
2120 2383 2178 2439 in
2204 2398 2337 2439 con-

395 2497 626 2572 speclum
654 2502 873 2556 veniunt
897 2511 997 2553 tres
1030 2498 1272 2553 dentium
1306 2493 1768 2568 cartilagineorum
1803 2488 2046 2560 ordineS,
2101 2506 2342 2563 quorum-

395 2605 536 2662 ordo
558 2610 752 2682 primus
778 2627 824 2661 a.
853 2605 1035 2661 dentes
1063 2606 1295 2661 minores
1318 2603 1586 2665 continet,
1627 2597 1860 2657 medium
1883 2595 1969 2653 stu
1998 2597 2221 2654 alterum
2257 2615 2341 2654 or-

393 2714 574 2771 dinem
602 2714 644 2771 b.
670 2713 852 2771 dentes
873 2714 1095 2785 majores
1116 2711 1474 2786 interpolatim
1498 2706 1730 2781 dispofiti
1754 2705 2119 2776 constituunt;
2159 2707 2216 2763 in
2238 2717 2343 2763 ter.

393 2824 472 2879 tio
496 2820 724 2897 denique
750 2820 941 2878 ordine
963 2819 1148 2877 dentes
1174 2819 1379 2876 minimi
1403 2839 1445 2874 c.
1472 2815 1820 2874 collocantur.

2124 3024 2256 3080 For-
