2513 3435
146 1118 301 1185 -Flgura
321 1128 366 1167 2.

148 1877 297 1944 figura
328 1888 367 1926 1.

430 145 534 186 102
1201 114 1429 176 CAPUT
1499 113 1601 172 VI.

425 247 509 306 stx
530 246 778 322 pollices,
821 244 951 303 duas
981 255 1190 325 tresque
1226 240 1387 298 lineas
1421 235 1715 312 assequitur.
1801 236 2061 296 Craffities
2096 237 2203 312 ejus
2235 241 2376 299 varia

427 359 529 429 est,
569 355 697 412 basis
722 356 984 430 portionis
1009 349 1171 409 nudae
1194 349 1356 406 lineas
1383 347 1595 418 decem,
1639 347 1696 403 &
1733 361 1868 419 apex
1906 359 2008 404 tres
2045 346 2204 404 lineas
2238 350 2376 407 adae—

425 477 571 541 quat.
652 463 840 521 Portio
868 460 1038 518 trunci
1067 458 1238 535 pinnis
1264 457 1510 515 instructa
1531 456 1585 512 in
1611 455 1793 513 medio
1813 454 1895 512 sex
1925 456 2083 512 lineas
2108 454 2261 514 crassa
2287 457 2378 530 est,

384 599 389 600 ff
425 591 595 650 prope
617 572 928 644 portionem
952 567 1155 624 nudam
1194 580 1295 625 tres
1336 566 1526 637 lineas,
1566 563 1624 622 &
1662 564 1718 622 in
1756 565 2082 641 extremitate
2119 581 2283 623 unam
2319 566 2379 625 li-

422 671 580 740 neam
605 678 819 738 craffirie
843 693 961 733 non
983 672 1204 731 excedit.

677 787 742 843 In
768 786 1023 859 portione
1044 783 1217 857 pinnis
1243 781 1487 849 instructa
1514 780 1847 856 quadruplex
1875 780 2027 840 facies
2062 780 2376 839 considerari

424 897 609 974 potest.
691 891 925 951 Dorsalis
951 910 1080 954 una,
1123 889 1368 949 ventralis
1391 889 1577 960 altera,
1620 890 1677 946 &
1715 882 1835 946 duae
1871 890 2119 946 laterales.
2177 889 2375 950 »facies

424 1003 636 1062 dorsalis
660 1000 880 1060 ventrali
915 998 1123 1055 craffior
1157 997 1255 1066 est,
1297 996 1355 1053 &
1393 997 1586 1070 exiguis
1623 997 1821 1072 papillis
1856 995 2216 1071 subgloboliS,
2255 1014 2376 1072 pur-

422 1112 592 1189 pureis
618 1131 663 1166 a.
687 1108 926 1183 undique
949 1103 1178 1181 dispersis
1202 1115 1468 1161 exornata.
1547 1104 1644 1161 Per
1670 1103 1908 1161 medium
1944 1103 2082 1162 dorfi
2122 1087 2271 1162 lineae
2303 1104 2375 1161 al-

422 1220 658 1278 bicantes
681 1219 722 1273 b.
749 1218 806 1273 in
832 1215 1157 1272 extremitate
1180 1209 1284 1267 fere
1310 1211 1367 1266 in
1386 1211 1648 1284 punctum
1673 1210 1908 1288 collectae
1935 1223 2233 1268 excurrunt.
2276 1212 2376 1272 Fa·-

421 1330 521 1385 cies
547 1324 793 1385 ventralis
817 1324 1039 1394 albicat,
1079 1318 1136 1377 &
1155 1336 1271 1375 non
1296 1319 1449 1375 nullis
1475 1319 1736 1376 duntaxat
1764 1318 1973 1390 papillis
1999 1321 2273 1395 purpureis
2298 1321 2375 1378 in-

422 1436 608 1495 strueta
636 1435 719 1491 est.
799 1432 980 1489 Facies
1001 1430 1120 1489 duae
1145 1426 1376 1499 laterales
1399 1424 1495 1483 illae
1520 1426 1670 1499 sunt,
1712 1443 1742 1482 e
1767 1425 1962 1500 quibus
1987 1438 2130 1487 artus
2152 1426 2237 1485 seu
2258 1428 2375 1505 pin-

419 1562 504 1602 nae
531 1543 888 1619 egrediuntur.

573 1712 576 1713 γ
676 1652 863 1708 Portio
899 1649 1074 1706 trunci
1107 1644 1256 1705 nuda
1292 1644 1656 1722 undequaque
1702 1643 1908 1719 papillis
1942 1646 2248 1719 purpureiS,
2291 1645 2372 1703 in·

422 1759 833 1822 tercurrentibus
853 1756 999 1814 lineis
1035 1756 1166 1814 albis
1198 1755 1464 1829 variegata
1499 1754 1599 1824 est,
1640 1755 1695 1810 in
1732 1754 1877 1828 apice
1913 1756 2019 1826 ejus
2051 1753 2187 1811 finus
2217 1752 2371 1813 falca-

420 1883 505 1928 tus
528 1872 575 1925 ol.
617 1867 932 1943 conspicitur
969 1864 1037 1922 ad
1071 1864 1274 1918 interna
1309 1879 1426 1919 non
1460 1872 1767 1937 penetran53
1810 1862 1900 1935 qui
1941 1861 2123 1918 ULYssi
2156 1863 2370 1920 Armao-

420 1999 602 2053 vANno
627 1976 683 2034 &
709 1976 989 2048 JoNsToNo
1017 1969 1195 2027 ansam
1219 1968 1407 2026 dedifle
1429 1969 1666 2041 videtur,
1711 1971 1864 2046 quod
1889 1970 2030 2027 hanc
2050 1975 2224 2025 Pennae
2258 1987 2371 2044 par-

420 2102 528 2145 tem
545 2087 773 2163 glandem
798 2077 1147 2155 appellarent3
1191 2074 1303 2133 Itali
1327 2094 1454 2133 vero
1479 2082 1757 2132 Mentulam
1786 2079 1972 2132 alatam
2007 2077 2223 2133 vocant
2243 2093 2365 2134 cum

420 2195 497 2252 ob
540 2192 738 2250 dietum
779 2189 978 2257 finum,
1017 2198 1136 2241 tum
1179 2184 1254 2241 ob
1284 2184 1596 2258 portionem
1636 2184 1807 2240 trunci
1837 2186 2018 2256 pinnis
2046 2183 2364 2240 instructam.

421 2304 570 2380 Q&
595 2312 772 2357 autem
796 2295 938 2352 nulla
961 2306 1202 2367 apertura
1225 2294 1282 2349 in
1314 2293 1461 2367 apice
1496 2291 1668 2361 adest,
1710 2291 1767 2346 &
1801 2290 1936 2346 finus
1972 2289 2052 2346 ille
2083 2282 2367 2366 impervius

420 2410 518 2480 est,
562 2420 710 2481 patet
732 2406 875 2461 hanc
896 2403 1071 2458 trunci
1096 2399 1227 2457 nudi
1263 2411 1464 2473 partem
1502 2417 1533 2454 a
1565 2397 1761 2470 glande
1790 2395 2122 2471 aliquantum
2153 2397 2363 2455 differri.

420 2515 582 2572 Unde
605 2531 729 2572 vero
752 2509 1002 2585 praefatus
1035 2509 1169 2566 finus
1201 2505 1488 2576 formetur,
1530 2504 1733 2575 dicam,
1781 2503 2065 2580 postquam
2103 2507 2366 2563 internam

420 2631 591 2681 Pennae
617 2622 921 2679 structuram
946 2617 1258 2693 exposuero,
1334 2615 1421 2671 De
1440 2614 1615 2670 trunci
1637 2614 1801 2679 totius
1842 2609 2038 2669 fabrica
2075 2612 2128 2669 id
2170 2626 2363 2671 notan-

421 2733 551 2791 dum
589 2730 841 2804 superest,
893 2727 1047 2804 quod
1081 2723 1364 2782 substantia
1398 2725 1504 2798 ejus
1536 2721 1798 2787 coriacea‚
1847 2719 1906 2777 &
1946 2719 2260 2783 extrinsecus
2289 2721 2364 2781 ob

422 2829 739 2914 supr-adicias
755 2836 971 2913 papillas
996 2834 1170 2907 aspera
1192 2832 1263 2891 fit.

2162 3041 2284 3100 Pin-4
