2513 3435
751 94 844 152 DE
883 91 1236 151 Lomcims
1288 108 1451 151 ονις.
1956 106 2062 167 165

120 222 244 279 ὠά.
278 215 535 277 coccineis
555 216 761 292 punctis
790 232 1014 293 quoque
1041 228 1260 301 notata,
1301 233 1424 292 quae
1451 217 1671 292 puncia’,
1709 215 1744 272 si
1779 230 1885 288 ope
1918 217 2064 275 lentis

119 326 540 395 confiderentur‚
578 322 804 382 totidem
831 338 1011 382 tenera
1037 323 1308 381 acetabula
1332 321 1479 394 sunt,
1517 322 1691 398 qualia
1717 323 1770 379 in
1792 327 2065 395 proveeta-

114 433 234 492 rum
256 439 496 512 lolzginum
521 433 747 492 brachiis
782 433 840 490 &
875 430 1104 507 pedibus
1142 433 1341 504 majora
1378 431 1789 503 conspiciuntur.
1873 430 2062 489 Praetet

114 537 253 599 dicta
278 542 492 599 brachia
512 540 596 598 seu
621 553 683 598 ut
706 540 789 598 alii
811 541 1003 598 volunt
1026 538 1395 614 proboscide5‚
1434 537 1634 615 pedum
1672 538 1884 612 vestigia
1923 539 2063 596 nulla

116 663 394 725 apparent.
1042 664 1045 667 ·
1623 648 1625 650 ’

115 862 227 1019 Si
251 881 314 919 ex
338 881 424 930 mc
443 877 647 938 quaeras
671 858 727 916 B.
756 858 787 915 1.
808 870 988 914 utrum
1010 863 1215 936 lolz'gines
1239 857 1367 928 illae,
1411 857 1542 915 dum
1566 856 1747 915 adhuc
1787 856 1844 912 in
1878 857 2061 915 vesicu-¹

254 970 310 1027 lis
350 970 716 1032 continentur,
771 979 929 1022 motu
975 966 1217 1041 quodam
1260 965 1497 1038 praeditae
1536 965 1669 1022 sint?
1722 964 1846 1021 scias
1887 966 2064 1040 velim}

118 1096 205 1135 me
227 1077 411 1151 saepius
434 1091 525 1153 per
552 1073 701 1132 horae
723 1076 879 1131 etiam
905 1072 1386 1148 spatiumattentos
1415 1072 1600 1130 oculos
1619 1069 1909 1146 praebuisse,
1934 1088 2066 1128 nun-

119 1203 280 1261 quam
305 1201 433 1242 vero
466 1183 547 1241 vel
587 1183 868 1238 minimum
904 1192 1117 1237 motum
1161 1183 1217 1238 in
1248 1183 1305 1238 iis
1338 1177 1630 1255 percepisse,
1711 1177 1882 1235 Semel
1914 1176 2063 1236 vehe-

115 1305 322 1356 menter
344 1289 563 1349 laetabar
581 1334 598 1362 ,
645 1307 814 1364 quum
840 1290 1025 1345 iterum
1051 1288 1256 1363 aliquot
1274 1287 1411 1360 juios
1447 1307 1480 1343 a
1506 1287 1785 1344 communi
1815 1286 2064 1361 ligamen-

116 1413 182 1457 to
203 1397 530 1475 separassem,
571 1396 726 1472 quod
748 1395 1061 1453 animalcula
1086 1395 1168 1453 illa
1188 1395 1437 1452 fluctuare
1463 1395 1706 1452 viderem.
1787 1393 2066 1467 Opinabat

115 1524 184 1565 'eo
211 1504 444 1570 instanti,
485 1505 632 1562 hunc
657 1517 870 1561 motum
891 1521 922 1560 a
941 1503 992 1560 vi
1015 1503 1289 1559 intrinseca
1311 1505 1620 1579 provenire,
1663 1502 1749 1584 sed
1790 1505 1846 1558 in
1886 1503 2066 1572 unico,

117 1629 180 1672 ut
219 1617 292 1673 ita
325 1615 498 1671 dicam
530 1612 636 1669 ἱὲἶιι
670 1609 841 1682 oculi,
883 1609 1206 1686 acquiescere
1239 1611 1409 1668 nolui.
1491 1611 1726 1667 Maxime
1762 1610 1887 1684 quia
1920 1608 2065 1687 simui

114 1724 301 1781 incidit
322 1723 378 1779 in
400 1733 632 1780 mentem
659 1715 918 1793 cogitatio
935 1763 950 1790 ,
996 1719 1151 1794 quod
1170 1733 1349 1776 motus
1377 1719 1458 1776 ille
1477 1717 1690 1775 forsitan
1713 1737 1745 1774 a
1767 1730 1924 1795 motu
1955 1736 2065 1774 ma-

113 1847 214 1889 nus
241 1849 374 1888 meae
395 1830 646 1887 excitatus
664 1826 830 1885 fueriti
909 1827 1051 1884 Hinc
1080 1841 1140 1884 ut
1162 1820 1355 1884 certior
1378 1827 1480 1884 hac
1513 1827 1581 1883 de
1612 1844 1668 1882 re
1703 1826 1908 1896 fierem,
1947 1843 2062 1882 eos-

111 1939 237 1997 dem
250 1939 392 2014 julos
417 1936 690 1995 interram
713 1934 897 2009 posui,
937 1952 1006 1992 ne
1029 1935 1130 1993 ulla
1150 1933 1370 2011 suspicio
1391 1935 1593 1993 vir-tutis
1618 1932 1909 1991 extrinsecae
1934 1934 2061 1991 mihi

114 2045 400 2121 superesset.
464 2045 656 2121 Atque
676 2043 944 2118 prostrato
968 2043 1119 2100 humi
1141 2061 1369 2119 corpore
1392 2060 1589 2118 magna
1623 2041 1865 2125 adhibita
1900 2053 2064 2097 atten-

114 2156 267 2211 tione
287 2152 600 2224 observavi,
637 2164 820 2208 utrum
843 2154 1051 2227 loltgines
1081 2163 1292 2208 motum
1317 2149 1469 2207 suum
1508 2150 1899 2208 continuarent.
1977 2149 2063 2204 Li-

114 2276 214 2320 cet
230 2257 406 2318 autem
432 2260 521 2337 per
546 2261 807 2335 integram
827 2259 1019 2315 horam
1039 2258 1143 2315 hac
1165 2259 1538 2328 observatione
1563 2259 1849 2328 detinerer,
1888 2255 2061 2313 nuilus

114 2383 354 2427 attamen
375 2380 561 2426 motus
585 2367 805 2444 amplius
830 2367 999 2423 inillis
1022 2365 1426 2440 conspiciendus
1444 2379 1568 2424 erat.
1632 2363 1794 2421 Unde
1816 2363 2061 2434 conclusi,

115 2491 359 2549 motum,
403 2495 562 2552 quem
584 2476 749 2553 paulo
768 2487 894 2532 ante
921 2474 1056 2544 vidi,
1093 2493 1127 2532 a
1162 2488 1319 2533 motu
1355 2493 1545 2533 manus
1580 2493 1711 2531 meae
1744 2473 2062 2550 productum

118 2585 282 2649 tuisse,
319 2588 374 2642 in
401 2597 512 2660 ‘quo
534 2587 691 2642 etiam
716 2583 962 2658 deinceps
984 2581 1327 2639 confirmatus
1345 2582 1486 2640 sumt
1525 2601 1651 2640 nam
1690 2581 1899 2656 quoties
1919 2579 2059 2654 juios

116 2693 202 2750 vel
224 2691 473 2763 eosdem,
511 2692 593 2751 vel
619 2695 748 2749 alios
769 2709 932 2751 manu
960 2691 1308 2761 contre&avi‚
1353 2690 1432 2747 vel
1465 2691 1562 2746 levi
1595 2687 1820 2745 succuss‘u
1852 2689 2058 2762 agitavi‚

119 2803 278 2866 toties
299 2804 495 2877 loltgz'nis
516 2800 669 2858 faetus
692 2803 746 2857 in
780 2799 875 2855 suo
907 2798 1116 2874 liquore
1150 2799 1276 2855 hinc
1314 2798 1438 2855 inde
1472 2798 1827 2868 fluctuabant,
1865 2796 1922 2852 δε
1956 2813 2060 2851 tur-

123 2906 236 2963 sum
259 2908 422 2982 quieti
435 2911 684 2984 jacebant
699 2953 717 2980 ,
759 2909 971 2984 quoties
987 2910 1127 2983 julos
1151 2909 1206 2964 in
1225 2922 1363 2965 terra
1387 2907 1596 2982 quietos
1616 2907 1812 2981 reliqui.

1049 3016 1104 3071 X
1153 3033 1181 3082 3
1217 3051 1220 3055 -
1789 3010 1998 3089 Qodsi
