2513 3435
361 115 433 164 60
1153 93 1382 151 CAPUT
1441 94 1520 153 II.

363 239 477 289 tur,
519 219 740 297 quilibet
765 217 919 277 novit
934 261 951 290 ‚
992 217 1087 293 qui
1112 215 1406 290 considerat
1427 219 1531 276 hac
1547 232 1701 277 aetate
1723 220 1907 278 omnia
1925 230 2059 278 nota
2083 237 2316 296 corpora

358 338 510 412 juxta
535 342 729 388 certam
754 329 981 404 partium
1008 339 1341 385 externarum
1365 326 1588 403 figuram
1620 340 1782 405 atque
1816 329 1967 388 ficum
2007 327 2172 406 longe
2208 349 2319 389 me-

368 444 466 502 lius
492 441 546 498 in
568 436 758 504 claffes,
798 437 1013 495 ordines
1040 448 1202 512 atque
1223 454 1413 512 genera
1438 436 1497 495 &
1514 435 1703 512 species
1727 437 1979 497 distribui.

622 547 848 606 Minime
873 549 1055 622 itaque
1080 545 1363 604 substantia
1385 546 1443 603 &
1467 548 1600 605 vires
1625 540 1739 605 duo
1761 548 1947 624 quoad
1979 548 2206 623 partium
2242 563 2324 604 ex-

370 674 639 718 ternarum
661 656 968 715 strunuram
986 653 1224 712 distincta
1249 654 1496 713 animalia
1519 653 1589 712 ad
1613 654 1755 713 idem
1772 674 1938 732 genus
1966 654 2216 712 reducere
2239 672 2325 713 va-

371 770 497 828 lent.
581 767 736 843 Qin
772 767 884 823 imo
911 763 944 820 fi
980 763 1317 820 Rounmrio
1353 763 1503 839 plura
1538 763 1785 822 animalia
1817 764 2002 821 eadem
2038 762 2324 821 substantia

356 876 665 951 ,iisdemque
700 873 980 931 virtutibus
1013 873 1301 948 gaudentia
1334 871 1403 928 ad
1439 871 1579 930 idem
1615 890 1782 949 genus
1818 872 2064 930 reducere
2100 871 2323 947 placuit!

341 1012 349 1044 ς
367 978 465 1040 ¹cur
493 981 675 1056 quaeso
700 994 877 1038 totum
885 984 1032 1060 stpiae
1051 999 1218 1056 genus
1243 985 1404 1057 leporis
1429 986 1610 1035 marini
1633 979 1849 1054 speciem
1872 997 1989 1037 non
2015 977 2153 1050 fecit,
2170 978 2326 1053 quod

350 1090 776 1165 'sanesttbstamia
802 1107 956 1165 aeque
982 1108 1043 1147 ac
1076 1089 1291 1145 Fimbria
1322 1087 1503 1144 nostra
1529 1104 1654 1144 cum
1685 1090 1829 1164 lepore
1863 1096 2044 1144 marino
2067 1089 2322 1145 Veterum

374 1199 627 1257 convenit
642 1243 658 1269 2
678 1210 841 1272 atque
861 1214 984 1254 cum
1011 1199 1225 1253 Fimbria
1250 1209 1365 1253 tum
1391 1213 1577 1252 omnes
1584 1197 1728 1271 stpiae
1752 1194 1940 1268 species
1967 1194 2165 1252 dificilis
2193 1210 2325 1252 con·

372 1308 640 1369 coctionis
662 1306 797 1363 sunt.
878 1305 1087 1380 Qoad
1109 1313 1242 1361 vires
1267 1305 1406 1361 enim
1430 1304 1775 1376 &fhcultates
1800 1305 2065 1359 Fimbriam
2095 1321 2220 1360 curn
2260 1306 2327 1357 le-

360 1435 478 1495 pore
501 1421 684 1472 marino
709 1413 965 1472 Veterum
985 1411 1267 1469 convenire
1289 1428 1435 1487 nego
1451 1453 1464 1475 ,
1509 1410 1673 1485 idque
1699 1427 1761 1466 ex
1791 1409 1966 1479 allatis!
1990 1410 2144 1485 supra
2167 1410 2325 1467 ratio-

378 1524 549 1583 nibus·
633 1520 826 1595 Neque
847 1523 1004 1578 etiam
1025 1518 1131 1596 ipse
1154 1519 1517 1576 RoNDffi-Tms
1547 1519 1703 1575 talem
1729 1516 1824 1575 effe
1851 1531 2094 1592 expertus
2116 1518 2220 1589 est,
2264 1529 2327 1574 ut

379 1652 440 1691 ex
457 1629 794 1713 sequentibus
819 1629 1101 1705 intelligere
1124 1630 1295 1686 venit:
1318 1634 1545 1706 Denique
1558 1630 1728 1682 iisdem
1742 1626 1932 1681 viribus
1942 1630 2044 1700 ſsd
2057 1628 2330 1682 imbecillio-

351 1770 354 1771 ⁷
378 1742 509 1797 ribus
535 1741 619 1795 hoc
642 1740 722 1810 effi
746 1740 931 1809 cestfio,
971 1757 1098 1814 quas
1131 1744 1358 1792 Veterum
1366 1739 1620 1808 fintenum
1645 1733 1711 1792 ἔθ’
1738 1741 2038 1808 experientia
2060 1736 2210 1806 nostra
2220 1739 2331 1808 pri-

381 1871 451 1904 mo
475 1851 636 1925 generi
663 1845 932 1900 tribuimus.
1011 1845 1090 1900 Ex
1111 1844 1303 1918 quibus
1329 1843 1475 1900 fimul
1499 1841 1768 1913 elucestit‚
1813 1840 2105 1916 quamdam
2141 1839 2333 1916 quoad

376 1957 507 2015 vires
532 1951 885 2011 differentiam
903 1954 1035 2009 inter
1057 1955 1246 2030 leporem
1272 1958 1514 2006 marinum
1542 1950 1598 2006 &
1621 1950 1889 2006 Fimbriam·
1907 1948 2142 2004 nostram
2163 1947 2336 2021 ipsum

380 2064 758 2123 RONDELETmM
784 2061 1074 2137 agnovisse,
1119 2081 1227 2116 cum
1252 2060 1378 2115 hanc
1405 2058 1596 2113 viribus
1623 2054 2001 2112 imbeciffioribas
2025 2059 2104 2129 effi
2128 2079 2214 2110 cen
2237 2071 2333 2110 eat.

380 2171 637 2231 Praeterea
666 2184 968 2228 enervatam
994 2167 1085 2225 effe
1111 2167 1427 2224 Romamn-11
1452 2165 1519 2223 de
1543 2165 1813 2222 venenatis
1839 2166 2005 2221 tertiae
2036 2166 2198 2240 leporis
2226 2184 2336 2239 ma—

380 2287 479 2335 rini
503 2278 685 2353 speciei
711 2277 797 2334 seu
827 2279 1042 2334 Fimbriae
1066 2277 1260 2333 nostrae
1289 2257 1904 2347 virtutibus-opinionem
1928 2269 2197 2345 sequentia
2224 2271 2332 2345 ejus

383 2388 542 2447 Verba
565 2388 791 2445 docent:
837 2388 993 2441 Odore
1017 2389 1105 2439 vel
1122 2385 1271 2440 valde
1295 2390 1483 2458 ingrato
1521 2379 1586 2438 ἄν
1598 2382 1861 2454 pistulento
1887 2381 2119 2451 naustam
2155 2393 2329 2433 movet.

381 2494 586 2552 Nonne
610 2494 854 2550 omnium
877 2492 1093 2565 piscium
1116 2489 1255 2548 odor
1279 2491 1512 2562 ingratus
1535 2486 1591 2542 &
1615 2483 2021 2542 nauseabundus
2046 2485 2152 2542 est?
2193 2496 2334 2559 quot

384 2616 560 2660 autem
585 2603 781 2660 amabo
808 2599 1043 2658 distincta
1068 2616 1260 2675 genera
1284 2598 1365 2655 vel
1396 2600 1549 2672 juxta
1584 2594 1960 2652 RONDELETHJM
1990 2609 2109 2650 non
2141 2592 2337 2649 consti-

384 2721 544 2768 tuunt
575 2711 774 2785 pisces?
814 2711 905 2784 qui
926 2710 1043 2767 licet
1070 2709 1170 2765 hac
1190 2707 1514 2783 proprietate
1538 2705 1677 2765 inter
1698 2701 1748 2760 st:
1776 2695 2142 2773 conveniant,
2182 2700 2334 2760 mini-

382 2837 468 2882 me
487 2833 668 2877 tamen
691 2819 814 2876 ideo
839 2818 1086 2875 venenati
1104 2815 1240 2874 sunt.

2135 3021 2265 3079 Ter-
