2513 3435
399 127 436 168 τι
1226 102 1455 160 CAPUT
1497 101 1534 160 Ι.

399 217 494 291 ret.
573 225 992 303 Reprehendens
1017 223 1236 300 desuper
1256 222 1398 295 illos,
1439 239 1529 280 cur
1554 222 1663 280 hoc
1672 224 1785 299 jam
1802 220 2008 299 pridem
2034 216 2104 280 ad
2128 241 2213 280 me
2237 239 2354 282 non

405 337 700 398 attulerint!
724 337 922 397 dixere:
947 322 1058 392 rem
1080 331 1320 409 spurcam
1344 331 1457 402 efl'e,
1481 331 1539 388 δε
1566 332 1905 389 vehementer
1927 329 2116 388 faetere.
2158 332 2358 390 Aman-

406 450 449 504 ti
470 445 697 505 absurda
714 442 1051 504 amaeniffima
1071 440 1209 509 sunt,
1233 439 1289 497 ὅ(
1316 438 1496 496 faetida
1516 424 1793 513 gratiffirne
1822 437 1994 496 olent:
2024 438 2169 496 unde
2195 439 2359 498 didas

406 556 759 630 proprietates
787 553 842 608 in
879 550 1088 607 animali
1113 546 1387 607 noviffime
1407 546 1616 605 demeto
1651 548 1870 604 minime
1907 546 2191 618 nauseans,
2232 545 2361 604 illud

405 662 631 719 theshuri
650 660 808 717 instar
832 657 1122 734 Neapolim
1143 655 1274 713 ferre
1285 654 1418 731 juffi.
1499 655 1609 712 Ubi
1640 653 1924 711 adveniens
1947 672 2131 712 coram
2157 653 2237 710 Cl.
2265 654 2359 710 As-

409 789 586 839 cimio,
626 772 741 825 viro
769 767 835 822 de
856 765 1070 824 historia
1095 762 1321 820 naturali
1347 765 1549 838 optime
1577 764 1784 834 merito,
1826 775 1957 819 tunc
1978 763 2234 838 temporis
2261 779 2361 837 pro

410 876 617 936 summo
645 895 767 932 meo
793 873 1186 937 oblectamento
1211 872 1265 928 in
1289 870 1675 946 populatiffima
1701 869 1783 926 iila
1806 869 1937 927 urbe
1954 870 2186 945 degenti,
2213 887 2358 926 nunc

406 1004 536 1044 vero
559 983 790 1042 Haffniae
817 979 1102 1038 Profeffore
1140 979 1252 1036 hist.
1291 991 1463 1035 natur.
1497 978 1788 1035 constituto
1823 977 1953 1035 illud
1992 979 2184 1054 aperui.
2266 981 2360 1035 At-

411 1112 517 1169 que
548 1093 807 1168 quoniam
833 1101 1054 1164 uterque
1078 1087 1389 1162 fingularem
1418 1088 1472 1142 in
1502 1087 1674 1143 hocce
1711 1085 1921 1143 animali
1946 1086 2173 1162 partium
2204 1087 2362 1143 inter·

409 1220 598 1259 narum
621 1199 926 1258 structuram
953 1196 1333 1265 inveniremus,
1375 1194 1800 1269 qualemcunque
1839 1193 1897 1250 δε
1931 1208 2190 1272 quantam
2226 1207 2358 1251 tem-

409 1310 553 1384 poris
578 1307 809 1384 angustia
836 1304 1132 1362 admitteret
1158 1305 1263 1379 ejus
1288 1302 1556 1361 historiam
1594 1319 1713 1358 cum
1751 1302 1884 1363 orbe
1916 1302 2166 1360 litterario
2209 1320 2358 1358 com-

410 1418 678 1481 municate
707 1413 939 1482 decrevi3
980 1410 1144 1496 idque
1181 1428 1246 1467 eo
1282 1409 1480 1467 fidelius
1520 1407 1819 1467 faciendum
1855 1407 1949 1467 effe
1986 1407 2195 1482 censui>
2235 1427 2359 1466 cum

413 1524 583 1605 plures
609 1524 855 1596 deinceps
878 1520 1134 1576 Auctores
1168 1532 1285 1575 tum
1309 1519 1524 1574 Veteres
1541 1562 1557 1589 ,
1577 1530 1692 1574 turn
1715 1517 2030 1574 recentiores
2062 1516 2356 1587 consulens,

414 1632 656 1689 omnium
692 1633 770 1688 uti
808 1629 967 1687 etiam
998 1626 1078 1685 ei„
1105 1626 1303 1691 LJNNAEt
1338 1626 1630 1690 laconicam
1673 1623 2078 1702 descriptionem
2109 1643 2357 1686 mancam

409 1738 868 1819 deprehenderim„

1282 1886 1349 1975 55·
1400 1886 1488 1955 ΙΙ.

529 2053 874 2112 lacuithocce
909 2053 1081 2111 minus
1115 2063 1310 2108 notum
1355 2048 1551 2107 animal
1586 2046 1680 2105 sub
1721 2050 1942 2106 nomine
1963 2053 2165 2121 lernaeae,
2208 2049 2362 2125 quod

559 2181 589 2218 a
616 2162 697 2217 Cl.
717 2162 933 2217 LmNAEo
955 2161 1181 2234 accepit,
1227 2158 1548 2228 describere,
1593 2173 1755 2231 quam
1779 2174 1982 2213 nomen
2006 2156 2196 2231 leporis
2216 2158 2365 2213 mari-

413 2271 500 2343 ni,
541 2287 654 2349 quo
680 2271 881 2326 Veteris
906 2267 1389 2341 illudinfignivere‚
1430 2266 1472 2320 ei
1494 2263 1727 2337 adjicere.
1806 2264 1975 2339 quue
1999 2263 2122 2320 ideo
2149 2261 2230 2318 vel
2251 2280 2362 2319 ma·-

416 2378 583 2447 xime,
624 2379 750 2450 quia
775 2375 1063 2448 simpliciter
1090 2378 1215 2450 lepus
1238 2371 1367 2427 illud
1388 2370 1644 2446 appellare
1671 2371 1970 2428 consultum
1997 2388 2113 2427 non
2137 2380 2262 2438 etat,
2289 2384 2357 2423 ne

419 2485 535 2559 quis
558 2483 821 2554 crederet,
863 2482 930 2539 de
966 2482 1146 2556 lepore
1186 2479 1403 2536 terrestri
1440 2497 1526 2535 me
1561 2479 1724 2536 verba
1760 2480 1942 2537 facere.
2021 2478 2106 2552 Ly
2139 2482 2357 2531 marinus

419 2609 547 2652 vero
572 2591 766 2649 addere
785 2603 927 2648 vetat
950 2590 1029 2671 lex
1052 2608 1082 2645 a
1116 2588 1197 2645 Cl.
1222 2586 1438 2643 LlNNAEO
1460 2587 1514 2643 in
1538 2585 1900 2644 fundamentis
1922 2586 2185 2643 botanicis
2214 2585 2359 2642 stinc-

417 2702 552 2771 cita‚
594 2717 702 2773 qua
734 2708 923 2754 nomina
947 2704 1173 2775 generica
1210 2719 1273 2750 ex
1315 2695 1497 2750 duobus
1534 2695 1780 2751 vocabulis
1811 2702 2008 2771 integris
2038 2714 2097 2748 ac
2124 2694 2357 2764 distinblis

393 2810 549 2881 strela
586 2808 839 2884 releganda
871 2808 950 2879 cffe'
981 2805 1171 2861 statuit.
1253 2803 1477 2860 Novum
1515 2820 1643 2860 vero
1679 2820 1883 2859 nomen
1917 2803 1963 2858 ei
1998 2800 2217 2874 adjicere
2256 2814 2356 2872 pro

410 2915 715 2988 incongruo
742 2913 933 2971 habui:
978 2931 1099 2969 cum
1122 2910 1313 2970 animal
1336 2927 1452 2967 non
1480 2912 1728 2986 ignotum
1748 2954 1764 2982 ‚
1794 2908 1882 2967 sed
1906 2906 2201 2982 imperfe&e
2224 2905 2356 2962 dun-

2131 3024 2275 3072 taxat
