2513 3435
411 108 514 158 ΠΒ
1183 87 1413 145 CAPUT
1464 85 1570 144 VI.

406 215 532 275 dem
560 212 996 290 qualitercunque
1019 210 1267 268 extricare
1293 209 1554 266 conabor.
1598 207 1772 286 quue
1801 226 1918 268 non
1944 227 2064 268 eum
2093 212 2147 268 in
2173 210 2354 286 finem,

408 337 469 381 ut
492 322 825 380 affenfionem
846 334 1049 379 naturae
1076 319 1404 376 curiosorum
1432 329 1670 393 captem3
1709 319 1794 375 sed
1814 363 1830 389 ‚
1872 333 1933 375 ut
1958 319 2088 377 alios
2112 307 2207 377 ‘me
2235 321 2355 378 lon-

408 451 474 507 ge
513 430 939 506 perspicacioreS,
991 428 1433 503 sapientioresque
1473 426 1634 483 Viros
1669 426 1739 483 ad
1771 426 2120 483 dirimendam
2154 427 2358 508 hancce

409 536 786 616 quaestionem,
828 537 885 592 &
914 535 982 592 ad
1015 533 1471 592 determinandam
1502 535 1611 607 ejus
1635 534 1933 591 alterutram
1955 546 2161 606 partem
2187 535 2358 592 stimu-

405 648 522 705 lem.
603 648 804 702 Verum
831 655 1119 717 antequam
1141 660 1226 699 eas
1269 640 1500 699 rationes
1535 640 1833 712 adducam,
1875 660 1995 716 quae
2030 659 2113 698 nie
2147 617 2217 698 ad
2254 661 2358 699 am-

405 753 732 831 plectendam
755 736 955 809 hancce
975 749 1285 805 sententiam
1307 764 1555 817 movere,
1594 765 1710 803 non
1735 749 2092 821 incongruum
2132 744 2248 806 fore
2273 749 2360 822 ju-

405 863 556 932 dico,
598 861 630 916 fi
651 862 791 934 prius
815 874 1341 927 commemoraver0‚
1383 854 1516 930 quid
1546 875 1632 914 me
1665 855 1735 913 ad
1770 854 2184 931 proponendam
2218 854 2360 912 hanc

408 970 758 1047 quaestionem
781 965 1058 1038 impulerit.

663 1072 955 1149 Qidquid
978 1071 1045 1128 de
1074 1071 1412 1146 Zoophytorum
1433 1070 1700 1146 praecipue
1737 1069 1804 1128 de
1833 1074 2167 1147 Polyparorum
2203 1081 2358 1127 natu-

351 1198 360 1204 ·
404 1201 462 1243 ra
499 1183 642 1241 hanc
682 1182 737 1246 in
772 1197 940 1255 usque
978 1178 1118 1235 diem
1157 1196 1187 1235 a
1225 1177 1555 1235 solertiffimis
1600 1178 2012 1253 dofflffimisque
2045 1179 2180 1235 Viris
2215 1179 2359 1254 typis

405 1291 724 1349 mandatum
765 1300 935 1358 extat,
975 1285 1030 1343 id
1069 1301 1232 1342 omne
1268 1285 1407 1342 adeo
1441 1285 1702 1357 dubium,
1746 1288 1884 1344 adeo
1917 1286 2230 1360 ambiguum
2266 1285 2358 1356 est,

406 1410 466 1454 ut
492 1397 742 1454 nondum
765 1408 911 1454 certo
951 1394 1180 1451 constet:
1222 1404 1402 1448 utrum
1440 1392 1616 1449 fimilia
1652 1407 1882 1465 corpora
1915 1393 2136 1467 plantae,
2179 1368 2360 1449 utrum

408 1503 684 1575 animalia,
725 1522 797 1561 an
834 1520 961 1562 vero
1006 1500 1242 1559 medium
1296 1500 1428 1572 quid
1476 1501 1610 1556 inter
1655 1512 1944 1574 utrumque
1991 1498 2127 1555 fint?
2168 1497 2360 1556 deinde

407 1624 589 1669 utrum
615 1629 785 1669 unum
807 1609 1001 1669 animal
1038 1608 1161 1678 Hm,
1203 1623 1273 1662 an
1315 1622 1442 1663 vero
1487 1606 1637 1680 plura
1677 1606 1919 1662 animalia
1960 1623 2130 1662 unum
2165 1623 2359 1680 corpus

405 1719 766 1775 constituant?
791 1717 1022 1790 denique
1045 1728 1223 1770 utrum
1248 1712 1397 1788 plura
1422 1712 1661 1768 animalia
1683 1712 1978 1769 substantiae
2005 1731 2046 1768 e.
2074 1733 2123 1789 g.
2152 1712 2357 1785 ligneae,

406 1841 646 1897 corneae,
685 1825 767 1882 vel
793 1821 940 1880 osseae
975 1821 1262 1879 adventitia
1299 1832 1511 1877 tantum
1545 1818 1671 1892 fint,
1711 1838 1784 1878 an
1814 1835 1941 1878 vero
1977 1821 2136 1877 etiam
2169 1818 2359 1892 praefa-

407 1944 485 1990 tas
511 1931 820 1988 substantias
845 1931 1114 1988 fabricent.
1659 1937 1662 1940 ’

663 2039 877 2116 QibuS
911 2037 1123 2094 historia
1164 2037 1457 2092 ceralliortmz
1502 2050 1531 2091 a
1564 2035 1711 2090 Plinii
1738 2044 1893 2090 aetate
1928 2032 1997 2092 ad
2032 2034 2149 2091 haec
2187 2047 2358 2108 usque

406 2162 653 2223 tempora
677 2159 812 2204 nota
837 2146 935 2216 est,
977 2143 1152 2200 assetta
1176 2143 1350 2200 haecce
1369 2163 1488 2199 mea
1513 2158 1658 2218 purae
1685 2143 1885 2200 veritati
1917 2142 2070 2198 inniti
2104 2139 2250 2196 facile
2279 2141 2355 2197 ass

403 2256 638 2316 sentient.
716 2256 855 2310 Hinc
877 2254 930 2309 in
959 2269 1145 2309 eorum
1184 2243 1336 2307 usiim
1375 2252 1640 2309 variorum
1673 2249 2357 2306 Auctorum-monumenta

405 2339 639 2423 adestare
660 2361 973 2437 superfluum
995 2358 1147 2414 foret.
1233 2358 1308 2414 Ut
1335 2370 1513 2414 autem
1540 2358 1696 2413 etiam
1718 2355 1783 2410 illi
1801 2397 1816 2424 ,
1858 2357 1952 2428 qui
1984 2357 2042 2410 in
2067 2355 2168 2411 hac
2191 2368 2355 2412 mate:-³

406 2476 481 2530 ria
518 2471 692 2529 minua
731 2468 913 2527 versati
957 2463 1106 2534 sunt,
1149 2466 1405 2538 majorem
1452 2462 1612 2518 fidem
1659 2462 1828 2519 verbis
1862 2463 1989 2517 meis
2027 2460 2382 2532 adhibeant}

408 2578 702 2657 permissum
747 2575 876 2632 mihi
918 2573 1004 2644 fit5
1045 2571 1278 2628 duorum
1325 2571 1586 2627 duntaxat
1637 2567 2054 2624 Clariffimorum
2102 2569 2356 2626 Virorum

408 2687 596 2759 [cripta
641 2683 929 2751 adducere,
975 2680 1066 2754 qui
1110 2676 1446 2734 recentissime
1489 2676 1545 2729 in
1581 2673 1905 2731 enucleanda
1941 2674 2102 2731 hacce
2137 2677 2356 2732 materia

406 2792 731 2850 insudarunt⁶
810 2790 964 2844 Unus
991 2762 1178 2843 eorum
1207 2785 1275 2841 est
1300 2783 1381 2840 Cl.
1419 2789 1639 2852 Donati,
1679 2783 1770 2856 qui
1809 2786 1992 2837 corallia·
2027 2783 2162 2836 rubra·
2197 2783 2355 2840 histo.

410 2901 538 2957 riam
561 2899 788 2972 propriis
813 2893 1268 2954 observationibus
1292 2888 1573 2948 fundatam
1605 2904 1878 2964 exponens
1888 2931 1907 2962 ,
1945 2887 2212 2963 sequentia
2230 2904 2358 2962 pro-

2176 2994 2274 3055 fert
