2513 3435
926 99 1019 156 Da
1071 100 1273 159 Anco.
1997 119 2068 176 71

135 223 398 280 tentacula
421 222 705 297 appellavi,
749 222 1124 281 adnotandum
1162 224 1371 282 habeo:
1415 224 1569 299 quod
1595 223 1754 284 hosce
1775 242 1951 285 ramos
1975 230 2084 303 pul-

135 347 364 386 monum
388 328 585 386 ibidem
607 330 683 385 ob
711 328 1098 387 fimilitudinem
1129 331 1297 388 solum
1317 333 1581 390 tentacula
1603 334 1992 408 appellaverim,
2016 337 2086 393 ad

134 436 601 494 demonstrandam
630 435 988 493 difficultatem
1015 439 1068 494 in
1093 438 1502 497 determinando
1525 448 1648 518 Argi
1670 443 1855 516 capite.

384 545 526 600 Inter
561 544 881 616 pulmonum
915 559 1162 603 truncum
1194 546 1252 604 &
1283 547 1584 606 inferiorem
1615 548 1886 609 foraminis
1917 551 2084 608 ovalis

132 638 421 728 marginem
448 650 788 724 pyramidalis
829 653 1077 728 quaedam
1108 656 1288 730 portio
1327 674 1545 728 carnea,
1586 659 1637 713 d.
1675 655 1853 714 albida
1893 669 2081 730 protu-

128 759 306 830 berat,
349 761 403 815 in
435 761 583 834 apice
613 758 773 832 plana
807 758 865 814 &
901 772 1143 832 apertura
1187 763 1419 819 rotunda
1467 764 1738 834 instruam
1789 780 1912 838 quae
1948 780 2081 822 anus

126 876 232 943 argi
267 865 366 937 est,
418 878 582 940 atque
614 878 862 939 apertura
897 869 1002 941 ejus
1045 885 1151 944 ope
1199 867 1523 944 sphync‘teris
1553 871 1878 944 occluditur,
1928 873 1987 930 &
2030 873 2081 930 vi

125 970 375 1030 fibrarum
397 972 764 1030 muscularium
789 993 816 1031 a
837 973 940 1031 basi
967 972 1139 1033 versus
1164 978 1366 1049 apicem
1400 977 1797 1037 ascendentium
1835 980 2078 1052 aperitur.

377 1079 630 1136 Occurrit
657 1087 820 1155 Argus
846 1080 1021 1138 noster
1044 1081 1367 1154 potiffimum
1392 1085 1448 1141 in
1466 1086 1619 1144 maris
1640 1086 1892 1162 scopum,
1935 1086 2079 1145 unde

129 1199 218 1256 27.
245 1185 370 1259 Julii
397 1187 467 1244 ad
495 1207 579 1244 me
602 1189 786 1245 unicus
810 1188 1015 1246 adlatus
1042 1188 1140 1260 est,
1190 1205 1369 1264 neque
1392 1190 1640 1265 deinceps
1664 1192 1799 1251 ullus
1836 1195 1962 1252 alius
1995 1212 2076 1251 re·

124 1293 348 1370 petibilis
379 1305 502 1351 erat.
578 1294 756 1370 Qod
780 1293 901 1350 sane
934 1313 1096 1369 quam
1128 1297 1354 1353 maxime
1387 1296 1537 1354 dolui
1570 1312 1880 1376 propterea,
1921 1301 2077 1377 quod

121 1419 221 1459 nec
240 1405 562 1459 internarum
585 1402 814 1476 partium
836 1415 1126 1458 anatomen
1153 1402 1414 1479 suscipere,
1440 1423 1617 1479 neque
1639 1406 1759 1463 alias
1779 1406 2075 1466 necessarias

124 1507 519 1567 observationes
543 1509 806 1564 instituere
833 1508 1069 1566 valerem.
1149 1511 1226 1566 Ex
1251 1514 1413 1568 unico
1434 1525 1610 1568 autem
1634 1511 1864 1586 subjecto
1897 1531 2072 1572 acura-

121 1629 230 1672 tarn
257 1617 499 1672 omnium
534 1614 780 1671 viscerum
813 1615 962 1687 litus,
1003 1633 1195 1687 nexu5‚
1238 1632 1401 1692 atque
1445 1618 1882 1693 configurationis
1910 1619 2070 1679 histo-

120 1724 249 1779 riam
277 1721 616 1796 depromere,
659 1721 971 1794 impoffibile
997 1722 1089 1780 effe
1114 1738 1315 1781 norunt
1341 1743 1559 1794 omneS,
1603 1728 1695 1800 qui
1729 1729 1785 1784 in
1825 1726 2066 1788 dissecan-

122 1828 199 1886 dis
223 1830 511 1904 majoribus
536 1829 850 1888 animalibus
874 1830 1168 1905 periculum
1195 1830 1362 1890 facere
1389 1833 1679 1893 sueverunt.

959 1981 1023 2069 35.
1089 1982 1214 2054 VI.
1308 2082 1322 2090 .

124 2147 283 2300 Fa<
317 2144 418 2200 hac
457 2157 690 2201 attamen
727 2146 1083 2222 qualicunque
1114 2155 1240 2226 Argi
1274 2150 1489 2210 historia
1528 2168 1709 2228 patet:
1761 2157 2065 2229 illum‘cutn

205 2249 435 2308 ¹§nullo
455 2253 791 2328 ,Zoophytorum
813 2270 1003 2325 genere
1030 2273 1060 2310 a
1098 2256 1179 2311 Cl.
1216 2257 1434 2315 Lmnffio
1470 2260 1727 2337 descripto
1761 2265 2062 2321 convenire.

120 2359 259 2414 Hinc
284 2359 434 2415 liceat
460 2358 720 2432 quasdam
740 2361 845 2433 ejus
877 2372 1035 2418 notas
1071 2362 1497 2424 cbarafieristicas
1529 2368 1764 2442 sequenti
1801 2369 2062 2428 definitio·

118 2483 186 2522 ne
213 2467 525 2538 exprimere:
565 2454 729 2542 qugus
758 2467 822 2538 est
843 2469 1184 2544 Zoophytorum
1200 2494 1354 2549 genus
1388 2482 1919 2555 corporeplagioplate0‚
1960 2495 2063 2536 ten-

121 2577 296 2628 taculis
318 2562 528 2649 jamnor
561 2580 816 2636 teretibus,
855 2576 1038 2630 duobus
1079 2582 1322 2650 oculzsi’ris
1356 2590 1411 2637 in
1422 2601 1607 2657 prona,
1648 2587 1829 2641 duobus
1843 2589 2063 2661 stmplici·

118 2679 204 2734 bus
225 2682 468 2754 instcpimz
491 2688 664 2756 capitis
675 2697 823 2757 parte
829 2690 992 2746 juxta
1018 2706 1065 2740 os
1084 2689 1266 2760 postris,
1307 2711 1393 2744 nec
1426 2711 1517 2744 non
1537 2694 1843 2767 pulmonibus
1878 2697 2062 2761 ramosis

118 2790 191 2841 ad
209 2790 755 2863 anumsttispraeditum.
837 2789 915 2847 Ex
940 2790 1045 2848 hac
1070 2791 1379 2851 definitione
1413 2811 1660 2871 apparet,
1697 2799 1923 2875 respesffl
1960 2819 2057 2857 no·

116 2905 184 2949 tae
207 2891 468 2950 essentialis
501 2914 617 2970 'argo
648 2897 832 2955 nostro
869 2916 991 2956 cum
1019 2903 1188 2956 limace
1231 2918 1480 2977 magnam
1525 2904 1905 2965 fimilitudinem
1945 2905 2055 2977 elie,

1859 3032 1981 3071 curn
