2513 3435
885 122 975 178 Dr
1033 120 1217 177 anit
1237 141 1284 178 A.
1454 166 1457 169 .
1984 140 2058 199 93

114 245 348 324 Neapoli
374 245 660 321 degebam,
701 243 757 300 in
783 261 973 302 manus
997 262 1134 305 meas
1155 260 1359 300 venere.
1439 241 1637 299 Utrum
1657 239 1827 318 plures
1854 240 2062 315 dentur,

116 354 292 413 forsan
312 368 435 412 aetas
455 352 686 410 docebit.
769 349 908 407 Illud
930 369 1057 408 vero
1081 350 1418 407 vehementer
1444 350 1636 420 miror,
1678 348 1832 424 quod
1857 367 1925 406 ne
1947 352 2061 407 uni-

117 483 234 522 cam
267 453 514 537 juvenem
550 461 778 532 Hydram
820 456 951 514 mihi
997 455 1172 515 videre
1206 458 1517 532 contigerit,
1558 457 1676 515 licet
1707 457 1764 515 in
1798 457 2060 517 littoribus

117 574 375 631 duntaxat
401 579 676 628 morentur
698 565 856 625 senes.

696 810 1268 920 CAPUT
1361 822 1468 915 V.

605 1004 1569 1122 DESYRINGE

375 1294 815 1400 Tab.V11.Fig.
846 1325 978 1383 a&
1005 1344 1055 1397 7.
1084 1325 1351 1399 depiuurn
1387 1324 1649 1401 Zoqohyton
1684 1322 1913 1381 secunda
1953 1324 2062 1400 sep.

349 1427 501 1517 9⁵75
556 1435 802 1505 tembriS,
842 1432 972 1491 dum
1002 1431 1394 1507 componendis
1432 1433 1560 1490 meis
1598 1431 1792 1490 deliciis
1832 1449 2063 1506 occupa-

157 1537 410 1591 “M'L-ff
439 1534 446 1540 ³
470 1528 473 1531 '
559 1551 643 1597 tus
664 1537 833 1610 essem,
858 1553 1021 1614 atque
1045 1539 1116 1596 ad
1142 1541 1235 1598 iter
1260 1539 1491 1596 Romam
1525 1538 1696 1596 versus
1721 1539 2065 1615 repetendum

108 1663 194 1701 me
219 1646 582 1722 disponerem,
620 1646 750 1702 mihi
781 1646 1019 1705 adlatum
1051 1647 1135 1703 est.
1215 1645 1394 1704 Tarde
1426 1646 1710 1703 advenerat
1745 1647 1933 1705 charus
1967 1648 2065 1704 hoo

110 1751 251 1827 spes:
308 1753 454 1810 unde
492 1753 585 1809 diu
621 1771 830 1809 mecum
866 1752 1252 1824 deliberabam,
1294 1765 1471 1809 utrum
1506 1752 1581 1808 ob
1607 1756 1863 1826 temporis
1900 1770 2061 1830 angu-

108 1861 254 1918 stiam
277 1863 382 1935 ejus
407 1860 810 1935 descriptionem
833 1859 1111 1935 suscipere,
1152 1872 1316 1936 atque
1353 1859 1478 1916 huic
1512 1860 1872 1936 qualicunque
1904 1861 2061 1938 opus-

108 1968 231 2027 culo
251 1968 473 2044 adjicere
494 1967 780 2026 deberem?
820 1986 941 2026 cum
965 1986 1093 2026 vero
1120 1969 1175 2024 in
1196 1966 1347 2024 nullo
1388 1968 1620 2026 Auctore
1657 1969 1765 2026 hoc
1797 1969 1878 2028 vel
1915 1969 2058 2026 rudi-

107 2091 185 2135 ter
217 2077 569 2147 delineatum,
619 2090 714 2133 aut
745 2076 968 2134 obscure
1001 2074 1180 2133 laltem
1212 2073 1525 2151 descriptum
1568 2077 1887 2148 invenirem,
1944 2094 2057 2134 rem

106 2196 311 2242 naturae
332 2184 540 2241 curiosis
564 2194 864 2258 pergratam
894 2202 979 2240 me
1002 2183 1176 2240 actum
1211 2183 1270 2238 iri
1302 2182 1558 2255 judicavi,
1599 2183 1633 2239 si
1672 2183 1894 2259 figuram
1932 2186 2058 2258 ejuS,

108 2290 166 2347 δε
187 2303 415 2347 externae
438 2291 699 2349 strusturae
723 2289 1153 2366 qualemcunque
1185 2289 1592 2364 descriptionem
1628 2308 1751 2347 cum
1787 2289 2056 2375 illisncom·

110 2401 465 2457 municavero.

974 2520 1193 2635 §a

110 2710 370 2846 kS‘fisrinx
394 2713 730 2788 longitudine
750 2709 839 2768 sua
864 2711 990 2769 octo
1012 2714 1226 2788 pollices
1252 2713 1486 2783 excedit,
1508 2731 1538 2769 a
1565 2713 1736 2788 capite
1756 2732 1803 2767 a.
1832 2711 1901 2769 ad
1931 2729 2050 2770 cau·
2076 2721 2192 2769 TAB.
2220 2720 2320 2771 VII.
2407 2749 2429 2770 .

203 2823 327 2877 dam
349 2840 515 2895 usque
527 2824 569 2877 b.
585 2823 802 2880 conicus
817 2820 900 2877 est.
944 2821 1076 2878 Bafis
1091 2824 1196 2896 ejus
1215 2821 1373 2878 lineas
1385 2837 1584 2877 novem
1600 2821 1656 2877 ὃς
1669 2840 1801 2896 apex
1817 2834 2049 2895 quatuor
2070 2791 2219 2856 Figura
2246 2792 2289 2836 6.

109 2929 266 2986 lineas
285 2930 337 2988 in
362 2929 619 2986 diametro
648 2929 1070 3004 comprehendit.
1144 2929 1326 2985 Latior
1346 2930 1580 3003 corporis
1618 2946 1733 3004 pars
1770 2927 1854 2985 seu
1888 2939 2049 3000 caput

1034 3035 1099 3091 M
1144 3054 1169 3105 3
1882 3047 1975 3091 aut
