2513 3435
389 96 481 154 Dr:
520 97 942 154 ADMmANno
983 92 1324 154 PHOLAms
1365 93 1726 169 SAXORUM,
1773 98 1875 156 &a
1967 120 2073 174 -155

96 193 97 196 Ἴ
123 217 399 294 lapidibus
413 213 662 297 'praestare
682 214 1031 278 meminit-CI.
1059 219 1389 276 Konsrzruus.
1413 219 1482 273 (⁹)
1575 219 1751 300 Qod
1774 238 1899 279 vero
1921 226 2076 282 etiam

129 327 519 385 Pholadz'stesta
543 326 612 383 ad
654 325 1012 399 perforandos
1042 327 1239 403 lapides
1279 326 1588 402 symbolum
1627 327 1780 390 suum
1819 331 2074 406 conferat,

127 436 350 497 obtusus
379 437 437 495 δε
465 434 818 495 craffiusculus
839 437 946 510 ejus
966 453 1155 510 margo
1184 433 1398 493 indicat.

405 673 439 690 -
625 549 1208 698 CAPUT
1334 584 1570 685 ΧΠ.

435 742 590 814 DE
653 736 1351 811 LOLIGINIS
1429 741 1750 815 OVIS.

1028 927 1094 1016 ᾗ.
1148 926 1194 995 lg

196 1110 198 1112 ·
271 1032 469 1170 Λωὶξ
484 1091 601 1134 nno
632 1080 790 1146 1752.
829 1074 1033 1148 prodiit
1065 1070 1349 1131 dissertatio
1386 1092 1504 1132 mea
1541 1073 1607 1132 de
1639 1072 1895 1148 sepiarum
1932 1075 2065 1146 ovis,

170 1204 173 1205 ⁷
214 1197 241 1237 ’.
345 1223 403 1267 '3
522 1202 714 1260 quam,
761 1195 822 1239 ut
849 1181 1145 1258 exhujuste
1174 1182 1293 1240 libri
1314 1180 1628 1255 praefatione
1662 1182 1894 1253 constat,
1935 1195 2065 1242 tunc

255 1279 281 1296 *s
326 1266 381 1294 *w
482 1308 484 1311 ·
524 1292 776 1369 temporis
807 1292 953 1360 aliter
986 1290 1536 1369 exararenequibam.
1617 1290 1869 1348 Docuere
1902 1291 2064 1367 paulo

521 1401 645 1474 post
683 1399 931 1456 institutae
976 1418 1008 1456 a
1033 1398 1113 1456 Cl.
1151 1398 1491 1455 Nozr-:MANNO
1530 1399 1924 1457 observationes
1958 1415 2064 1455 ova

116 1527 148 1566 a
186 1528 271 1567 me
303 1508 588 1583 dest-ripta,
628 1512 829 1585 loliginis
859 1525 965 1564 ova
999 1505 1108 1564 effe.
1217 1507 1570 1565 Confirmavit
1605 1507 1746 1565 idem
1780 1506 2061 1580 proprium

117 1634 299 1674 meum
321 1635 469 1674 anno
500 1630 657 1685 1757.
680 1616 748 1674 ad
778 1615 919 1674 littus
946 1614 1362 1691 Neapolitanum
1399 1616 1594 1674 facium
1628 1617 2059 1692 experimentum.

117 1724 288 1782 Dolui
307 1729 485 1801 itaque
510 1744 672 1801 quam
696 1726 922 1782 maxime
947 1724 1014 1781 de
1036 1723 1190 1798 perso
1228 1737 1363 1782 meo·
1387 1724 1600 1798 labore,
1642 1725 1699 1783 &
1734 1742 1803 1782 ne
1836 1722 2060 1780 differta-

117 1833 196 1889 tio
223 1831 306 1889 illa
333 1832 400 1890 de
407 1838 659 1910 sepiarum
686 1835 802 1893 ovis
827 1842 1051 1909 quoque
1076 1831 1414 1905 perderetur,
1457 1851 1573 1890 eam
1607 1835 1821 1891 mutatis
1853 1843 2060 1889 ¹mutan-

117 1939 196 1998 dis
211 1983 228 2012 ,
270 1940 569 2018 omiffisque
593 1940 906 2002 omittendis
932 1942 991 2000 in
1008 1940 1118 2001 hoc
1139 1941 1314 2015 capite
1336 1938 1430 1999 sub
1452 1940 1610 2001 titulo
1637 1941 1705 2003 de
1730 1945 1928 2020 loliginis
1948 1940 2062 2000 ovis

117 2049 364 2110 recudere
395 2049 614 2111 decrevi.

892 2144 894 2146 ⁸
977 2199 1043 2299 §·
1107 2199 1195 2269 Π.

122 2365 409 2523 Quum
435 2382 584 2426 anno
629 2379 790 2437 1750.
835 2365 919 2424 die
956 2379 1043 2437 27.
1080 2366 1227 2443 Junii
1267 2367 1323 2423 in
1354 2365 1561 2449 littore,
1600 2365 1756 2442 quod
1791 2364 2063 2442 Chevlingio

319 2475 622 2551 proximum
641 2476 742 2548 est,
784 2474 1180 2552 cogitabundus
1204 2474 1261 2532 &
1284 2452 1612 2535 excrementa
1638 2475 1792 2533 maris
1816 2474 2058 2533 colledu-

114 2602 200 2645 rus
221 2583 642 2655 deambularem,
682 2583 846 2642 incidi
866 2586 919 2642 in
959 2599 1158 2657 corpus
1192 2584 1473 2660 quoddam
1511 2582 1888 2656 gelatinosum,
1925 2600 2058 2640 nun-

117 2710 284 2768 quam
311 2684 464 2750 antea
484 2710 514 2750 a
534 2712 620 2750 me
644 2692 823 2751 visum.
901 2693 978 2751 Ut
998 2695 1179 2770 itaque
1203 2691 1474 2752 noscerem
1489 2736 1506 2764 ,
1546 2691 1803 2768 quidnam
1829 2692 1900 2748 rei
1922 2689 2055 2762 effer,

117 2800 247 2859 illud
268 2799 406 2859 illico
431 2802 650 2880 arripui,
692 2802 881 2871 levavi,
921 2803 1231 2862 examinavi.
1315 2801 1407 2860 Ast
1430 2799 1646 2860 lustratis
1669 2799 1726 2858 &
1750 2798 2057 2874 circumspe-

1071 2909 1127 2967 Π
1169 2927 1204 2966 2
1899 2908 1990 2967 &is

270 3043 343 3095 (⁶)
376 3040 477 3085 Vide
497 3045 584 3089 Aa.
610 3046 714 3088 Suec.
755 3046 832 3086 vol.
864 3046 927 3087 16.
952 3042 1017 3087 fol.
1044 3054 1136 3098 143.
1166 3043 1318 3085 Transl.
1343 3058 1470 3100 germ.
