2513 3435
380 118 457 176 34
1163 96 1391 153 CAPUT
1432 94 1536 154 IV.

380 243 496 284 eam
518 223 653 282 illico
684 219 911 278 domum
946 216 1231 289 adferrem,
1273 234 1448 276 mores
1483 219 1589 293 ejus
1631 215 1935 296 detegendi.
1955 219 2324 297 cupidissimus.

383 331 494 389 Ubi
526 329 646 388 sane
677 326 970 402 obstupui,
1027 325 1084 384 &
1121 343 1227 384 vox
1263 323 1499 384 faucibus
1538 325 1683 384 haefit
1707 372 1725 399 ,
1785 327 1915 387 dum
1961 327 2138 402 elapso
2173 332 2328 390 unius

386 438 537 496 horae
586 437 751 513 spatio
800 434 1159 493 observarem:
1203 433 1358 509 quod
1394 434 1581 492 charus
1628 433 1816 511 hospes
1866 434 2103 492 canalem
2143 437 2333 495 intesti-

383 544 667 603 niformem
693 560 851 599 arena
874 543 1076 599 marina
1099 541 1316 616 plenum
1344 540 1523 597 sensim
1550 560 1613 598 ex
1647 560 1755 600 ano
1792 555 2116 613 excerneret,
2158 561 2327 618 quem¹

389 653 563 729 primo
622 651 820 709 intuitu
872 659 1200 707 excrementa
1242 648 1476 706 animalis
1521 647 1616 706 effe
1652 649 1901 724 judicavi.
2026 651 2218 727 Qum
2253 670 2335 711 ve.

389 778 451 816 ro
491 758 652 834 paulo
684 757 805 831 post
839 756 965 814 alius
1008 757 1200 815 canalis
1238 756 1308 814 ad
1343 756 1709 814 intestinorum
1735 759 1962 816 modum
1990 758 2332 831 convolutUS‚

391 884 690 942 vacuusque
716 866 904 936 exiret,
947 865 1030 922 cui
1062 864 1204 922 aliud
1249 882 1442 939 corpus
1478 863 1704 939 globulis
1741 865 2089 923 albicantibus
2119 884 2334 924 exorna-

390 990 525 1047 tum,
565 988 724 1048 atque
747 972 1054 1029 mesenterio
1081 971 1257 1041 fimile,
1276 972 1541 1027 adnexum
1565 984 1702 1040 erat3
1740 954 1973 1047 denique
2003 971 2228 1044 plurima
2250 992 2336 1031 ve·

393 1083 484 1140 luti
510 1079 802 1136 intestinula
827 1097 962 1137 caeca
981 1077 1317 1154 sequerentur
1357 1077 1526 1134 eidem
1560 1078 1727 1135 canali
1764 1080 1926 1140 unita.
2002 1078 2163 1136 Aliud
2199 1081 2334 1155 quid

394 1208 558 1264 quam
589 1199 916 1244 excrementa
948 1199 1127 1243 totum
1162 1187 1309 1244 hunc
1344 1176 1657 1262 apparatum
1693 1186 1786 1244 efle
1829 1188 2019 1244 merito
2055 1185 2334 1263 suspicatus

392 1296 520 1353 sum.
601 1296 828 1352 Minime
849 1309 1031 1352 tamen
1053 1313 1228 1353 veram
1255 1293 1326 1351 rei
1347 1292 1608 1350 essentiam
1635 1295 1866 1352 divinare
1891 1296 1969 1354 vel
1990 1294 2338 1352 determinare

395 1406 701 1479 cupiebam,
744 1418 1030 1479 antequam
1055 1404 1350 1460 noscerem:
1394 1401 1548 1477 quod
1572 1400 1724 1474 plura
1750 1403 1806 1459 &
1843 1403 2057 1473 omnia,
2095 1421 2216 1476 quae
2242 1390 2336 1460 ha-

397 1513 520 1570 bere
542 1509 735 1587 possem
750 1556 766 1582 ,
819 1514 1002 1583 Hydrae
1029 1509 1302 1569 individua
1328 1509 1523 1566 dierum
1546 1523 1858 1584 apparatum
1878 1528 1906 1565 e
1927 1525 2158 1583 corpore
2185 1511 2337 1569 stabi-

399 1621 431 1677 li
454 1632 656 1676 naturae
681 1620 792 1694 lege
818 1621 1036 1693 ejiciant.
1118 1621 1302 1695 Qare
1326 1617 1668 1693 quamtocius
1696 1616 2006 1690 piscatorem
2034 1620 2339 1694 quempiam

390 1727 536 1804 jussi,
579 1740 636 1783 ut
662 1728 809 1802 plura
835 1727 1007 1782 fimilia
1030 1727 1265 1801 Zoophyta
1290 1723 1527 1800 sequenti
1550 1722 1633 1779 die
1659 1723 1896 1780 adferret.
1981 1722 2197 1779 Lubens
2232 1723 2330 1780 ob-

399 1838 710 1907 temperavit
735 1835 1021 1892 maritimus
1042 1835 1216 1889 homo
1232 1877 1249 1903 ,
1291 1844 1500 1905 tresque
1523 1834 1723 1902 Hydras
1747 1829 1937 1901 attulit,
1979 1848 2104 1904 quae
2124 1831 2180 1885 in
2204 1830 2338 1902 vase,

401 1944 601 1999 marina
628 1942 805 2017 plenO,
829 1941 1010 2015 pofitae
1035 1941 1231 1997 tardius
1256 1938 1503 2013 quidem,
1551 1937 1759 1995 easdem
1787 1949 1966 1993 tamen
1982 1982 1999 2008 ,
2030 1956 2162 2011 quas
2183 1941 2343 2014 prior,

401 2050 627 2123 dejecere
650 2063 846 2124 partes,
886 2049 1116 2121 exceptis
1139 2045 1442 2105 intestinulis
1468 2045 1646 2116 caecis,
1688 2063 1807 2121 quae
1843 2045 1898 2101 in
1943 2044 2022 2101 his
2059 2045 2342 2117 rubebant,

401 2171 562 2233 atque
586 2159 786 2230 majora
809 2154 1030 2212 fuerant.

655 2264 830 2340 Qod
854 2265 970 2320 licet
988 2264 1042 2320 in
1069 2275 1301 2338 quatuor
1334 2265 1521 2334 Hydris
1555 2259 1661 2316 fieri
1701 2262 1959 2332 viderem,
2001 2259 2058 2316 &
2089 2260 2340 2319 omnibus

404 2390 690 2431 commune
712 2371 805 2429 esse
834 2390 949 2427 non
977 2371 1306 2437 dubitarem5
1346 2370 1573 2426 maxima
1595 2368 1940 2428 nihilominus
1966 2383 2199 2425 mentem
2237 2381 2343 2425 tor-

402 2482 600 2556 quebat
625 2481 928 2551 difficultas,
949 2479 1078 2535 dum
1103 2492 1431 2536 excretorum
1462 2477 1734 2533 entitatem
1756 2489 1915 2549 atque
1939 2475 2173 2531 officium
2198 2493 2341 2531 com-

404 2590 729 2666 prehendere
768 2590 966 2647 vellem.
1067 2587 1231 2643 Nunc
1258 2589 1431 2659 ›en-im,
1482 2599 1539 2641 ut
1576 2584 1729 2659 supra
1773 2584 2015 2654 memini,
2065 2583 2245 2639 incidit
2280 2582 2339 2638 in

401 2711 637 2755 mentem
678 2698 964 2772 cognatm,
1018 2695 1171 2771 quod
1205 2709 1535 2753 excrementa
1569 2694 1749 2764 Hydrae
1787 2690 1969 2761 essent,
2022 2691 2164 2747 hanc
2210 2706 2339 2747 vero
2388 2735 2391 2737 .

400 2806 535 2863 iflico
567 2806 805 2870 refutavi,
863 2824 924 2861 ac
961 2806 1266 2879 organicam
1305 2822 1489 2860 eorum
1531 2801 1832 2879 strufiiiram
1881 2800 2044 2871 paulo
2091 2799 2340 2854 attentius

400 2916 796 2974 confiderarem.
867 2912 1049 2970 Modo
1076 2911 1274 2969 rursum
1310 2911 1621 2968 verisimilius
1653 2907 1967 2978 videbatur,
2009 2906 2204 2964 dicium
2253 2922 2342 2980 ap·

2162 3029 2256 3085 pa-
