2513 3435
367 139 443 195 25
1188 131 1416 192 CAPUT
1469 133 1509 194 Ι.

1179 307 1244 395 ᾗ.
1294 306 1500 377 XIII.

373 471 708 627 Uterusf.
728 472 901 525 lernaeae
926 467 1092 527 viscus
1117 469 1188 527 est
1221 469 1447 545 globum
1486 469 1833 546 compressum
1873 483 2177 529 truncatum
2209 470 2317 529 for·

543 597 628 634 ma
666 575 920 648 referens,
961 578 1113 651 quod
1151 591 1306 651 parte
1337 597 1578 638 convexa
1612 579 1713 637 sub·
1743 581 1991 640 intestinis
2028 581 2086 638 &
2120 580 2315 654 hepate

372 685 698 756 reconditur,
723 685 778 741 in
803 697 954 757 parte
976 703 1102 743 vero
1127 699 1371 744 truncata
1391 688 1597 763 vaginae
1623 688 1899 763 ingrestum
1925 689 2138 764 praebet.
2180 688 2319 746 Sub·

373 793 560 850 stantia
594 794 702 865 ejus
741 793 1011 851 cerebrum
1053 793 1276 850 aliorum
1314 795 1617 852 animalium
1657 812 1776 855 non
1814 798 1991 880 inepte
2025 796 2320 867 aemulatur,

372 899 550 974 pulpae
571 899 826 974 siquidem
855 901 1010 958 instar
1044 905 1322 961 tenerrima
1361 903 1458 975 est,
1499 906 1557 960 in
1594 922 1758 980 gyros
1794 905 2058 976 distincta,
2101 904 2216 976 seu,
2259 916 2320 961 ut

373 1007 558 1065 melius
584 1006 786 1079 dicam,
828 1008 1123 1070 canaliculis
1148 1011 1275 1068 albis
1292 1034 1340 1088 g.
1358 1033 1407 1088 g.
1431 1012 1772 1070 circumdata.
1855 1012 2081 1089 Pulpofa
2106 1012 2226 1070 haec
2262 1012 2320 1069 δί

373 1114 668 1173 medullaris
691 1114 1016 1174 consistentia
1038 1117 1361 1190 potissimum
1387 1119 1516 1176 mihi
1538 1118 1816 1196 imposuit,
1856 1121 2008 1196 quod
2023 1164 2039 1190 ,
2083 1131 2144 1174 ut
2167 1118 2321 1192 supra

376 1224 641 1295 memini‚'
685 1238 892 1282 uterum
938 1225 1210 1283 cerebrum
1244 1227 1338 1283 effe
1385 1227 1665 1286 crederem.
1759 1228 1932 1284 Difert
1967 1229 2123 1303 igitur
2159 1244 2321 1302 quam

379 1332 604 1388 maxime
640 1345 814 1390 uterus
850 1336 1024 1388 lernaeae
1057 1331 1126 1389 ab
1161 1332 1387 1391 aliorum
1426 1334 1953 1406 animalium‘utero,
1999 1337 2092 1410 qui
2128 1333 2322 1409 potiffi-

381 1454 530 1496 mum
551 1457 708 1496 cavus
735 1440 832 1511 est,
874 1457 936 1496 ex
959 1439 1098 1496 fibris
1121 1439 1346 1497 robustis
1383 1440 1761 1500 mustularibus
1791 1440 2126 1522 fortibusque
2159 1460 2324 1500 mem-

379 1543 556 1602 branis
597 1547 934 1605 constructus,
1053 1550 1120 1609 In
1168 1553 1340 1607 lernaea
1384 1566 1513 1610 vero
1557 1552 1729 1609 tenuis
1770 1551 2080 1608 membrana
2123 1549 2327 1608 medul-

384 1652 542 1711 larem
564 1656 697 1711 uteri
720 1655 1061 1715 substantiam
1091 1655 1400 1716 extrinsecus
1433 1658 1631 1733 cingit,
1674 1658 1793 1718 haec
1822 1677 1951 1718 vero
1986 1671 2160 1716 totam
2190 1660 2324 1716 uteri

382 1760 582 1817 molem
605 1763 793 1838 replet,
834 1764 890 1820 &z
924 1764 1122 1821 nullam
1154 1763 1471 1837 peculiarem
1504 1768 1784 1823 cavitatem
1823 1766 2099 1841 relinquit,
2139 1778 2323 1841 praeter

384 1868 703 1930 canaliculos
738 1871 1048 1931 extrinsecus
1085 1872 1432 1945 conspicu053
1474 1874 1751 1932 canaliculi
1783 1873 1838 1931 hi
1872 1873 2044 1949 plures
2080 1872 2176 1930 esse
2207 1875 2326 1950 qui-

385 1977 508 2036 dem
536 1992 813 2053 apparent„
858 1979 987 2036 dum
1011 1992 1188 2038 uterus
1214 1962 1559 2038 diversimode
1581 1982 1810 2040 fitua'tur.
1891 1983 1948 2039 Si
1971 2000 2097 2043 vero
2135 1982 2327 2057 princi-

385 2087 536 2159 pium
563 2087 608 2145 h.
635 2087 824 2145 canalis
848 2086 915 2142 ad
942 2088 1219 2163 ingressum
1249 2090 1456 2162 vaginae
1480 2088 1747 2166 conspicui
1785 2089 1947 2146 oculis
1982 2108 2073 2163 per
2107 2091 2326 2146 circum-

387 2192 660 2251 ferentiam
687 2196 818 2250 uteri
844 2194 1220 2268 prosequatur‚
1264 2195 1504 2252 elucescit
1529 2197 1746 2252 unicum
1789 2195 2050 2254 duntaxat
2090 2197 2327 2253 canalem

387 2299 510 2371 effe,
551 2303 643 2376 qui
663 2304 716 2358 in
743 2304 912 2359 varios
933 2302 1189 2359 anfraclus
1211 2304 1434 2359 ducitur.
1516 2303 1686 2359 Color
1708 2303 1839 2359 uteri
1860 2302 2029 2360 luteus
2055 2304 2124 2361 est
2147 2319 2328 2377 excep-

388 2421 449 2466 to
471 2409 650 2466 canale
673 2407 950 2480 tortuoso,
989 2411 1080 2486 qui
1106 2423 1164 2466 ut
1190 2422 1310 2465 ante
1331 2411 1543 2466 memini
1575 2411 1776 2467 albicat.
1863 2411 2160 2475 Diamerter
2176 2412 2329 2485 juxta

391 2514 632 2574 latiorem
674 2518 805 2573 uteri
841 2530 1043 2592 partem
1075 2517 1282 2592 sumpta
1324 2519 1563 2592 quinque
1603 2515 1857 2575 linearum
1897 2517 1996 2586 est,
2039 2519 2188 2590 juxta
2223 2521 2331 2592 ejus
2388 2502 2391 2505 ’

394 2638 598 2703 partem
631 2623 973 2700 compressam
993 2625 1152 2706 trium
1176 2643 1296 2681 cum
1323 2625 1552 2684 dimidia.
1627 2625 1942 2698 Longitudo
1973 2642 2100 2683 vero
2133 2643 2165 2681 a
2200 2644 2331 2685 con·

729 2749 859 2791 vexa
885 2733 953 2791 ad
975 2743 1273 2789 truncatam
1308 2744 1509 2808 partem
1535 2750 1702 2808 usque
1734 2732 1817 2790 sex
1842 2731 2001 2790 lineas

1148 2839 1567 2913 comprehendit.

2019 3063 2064 3125 g.
2109 3055 2260 3112 X1v.
