2513 3435
381 123 453 185 36
1193 108 1421 166 CAPUT
1462 110 1499 168 Ῑ.
1560 108 1561 111 ¹

376 234 554 296 cordis
586 232 850 303 inseritur,
902 229 1122 289 alterum
1148 231 1191 286 b.
1215 246 1343 287 vero
1368 249 1430 289 ex
1449 233 1600 305 apice
1626 234 1731 308 ejus
1753 232 2110 308 progreditur.
2190 235 2338 292 Cum

381 361 475 401 cor
513 341 804 400 musculum
840 338 1222 417 pyramidalem
1244 336 1340 395 effe
1360 338 1605 412 dixerim,
1648 353 1823 413 patet:
1869 340 2022 417 quod
2048 340 2337 399 substantia

385 454 493 525 ejus
530 448 820 507 musculola
844 447 916 503 fit.
989 446 1315 503 Notandum
1336 459 1571 504 attamen
1596 434 1768 520 venit,
1812 447 1964 524 quod
1991 466 2021 506 a
2047 448 2341 508 musculosa

387 557 564 616 cordis
588 557 810 614 aliorum
834 555 1141 614 animalium
1161 553 1449 611 substantia
1472 554 1700 614 multum
1725 552 1947 612 differat.
2020 554 2193 614 Fibrae
2235 567 2341 612 ete-

387 667 501 723 nim
531 667 585 721 in
621 663 785 721 corde
820 667 996 718 lernaeae
1029 678 1146 719 non
1181 663 1253 718 ita
1295 662 1587 735 compa&ae
1624 661 1769 726 sunt,
1808 678 1909 720 nec
1946 660 2086 719 adeo
2126 661 2348 734 rubent,

390 773 524 830 utin
549 771 712 829 corde
737 771 963 827 aliorum
999 770 1338 840 animalium3
1380 770 1469 826 sed
1497 783 1705 827 textura
1739 769 1829 827 sua
1865 771 2048 842 potius
2087 769 2344 828 membra·

393 897 521 936 nam
556 879 781 949 fortem,
823 877 1101 954 rugosam,
1145 879 1326 934 colore
1363 876 1526 934 dilute
1549 879 1720 935 rubeo
1761 877 1977 934 tinfiiam
2011 876 2343 936 aemulantur.

122 988 274 1055 figura
304 1003 321 1038 1
336 995 379 1043 8·
397 987 717 1044 Membrana
738 985 856 1042 haec
884 987 942 1043 in
975 1003 1177 1048 conum
1215 1002 1405 1042 cavum
1432 984 1726 1044 convoluta
1754 988 1892 1042 intus
1916 987 2067 1045 variis
2087 984 2229 1041 fibris
2253 1001 2365 1040 co·-

397 1094 695 1170 lumnisque
737 1092 934 1150 carneis
977 1090 1154 1149 fulcita
1186 1094 1295 1164 est3
1354 1093 1478 1149 hinc
1520 1094 1706 1150 unicus
1743 1093 2061 1150 ventriculus
2099 1093 2154 1148 in
2181 1089 2345 1150 corde

126 1196 275 1262 Figura
304 1207 570 1257 19=lernaeae
605 1201 776 1271 adest,
819 1201 876 1258 in
906 1199 1011 1257 basi
1043 1199 1100 1256 8<
1134 1200 1280 1274 apice
1301 1200 1370 1258 ad
1394 1201 1700 1273 recipienda
1732 1200 1850 1258 vasa
1883 1198 2195 1272 perforatus.
2222 1219 2269 1254 a.
2297 1200 2341 1254 b.

397 1310 572 1367 Moles
595 1310 759 1365 totius
787 1307 961 1364 cordis
987 1308 1128 1365 varia
1153 1307 1240 1376 est,
1263 1325 1363 1382 pro
1387 1295 1678 1365 diversitate
1695 1308 1750 1362 ὃ(
1765 1307 2132 1380 magnitudine
2151 1311 2344 1361 lernaea-

398 1441 526 1488 rum,
552 1419 609 1474 in
630 1416 881 1492 praeiente
902 1416 1142 1488 quinque
1163 1415 1321 1471 lineas
1354 1414 1708 1488 longitudine,
1737 1413 1793 1469 &
1819 1417 1876 1469 in
1904 1413 2008 1469 bafi
2031 1425 2264 1487 quatuor
2295 1411 2351 1467 li-

399 1543 523 1582 neas
544 1523 877 1599 adaequabat.
921 1523 999 1579 Ex
1019 1522 1145 1580 vasis
1169 1521 1318 1579 cordi
1335 1540 1363 1577 a
1377 1534 1565 1578 natura
1584 1521 1789 1587 tributis
1809 1519 1952 1575 aliud
1966 1521 2036 1579 est
2049 1517 2365 1583 astendens‚.

130 1630 281 1694 Qum
310 1641 386 1692 17·
405 1633 546 1692 aliud
561 1631 892 1688 destendens.
920 1632 1031 1688 Vas
1051 1629 1331 1686 ascendens
1344 1650 1390 1684 a.
1414 1624 1700 1700 postquam
1729 1645 1790 1683 ex
1816 1627 2040 1683 cavitate
2063 1644 2155 1682 cor
2179 1628 2351 1683 conti-

402 1753 564 1799 nente
589 1738 839 1814 egressum
864 1738 1109 1809 est2re5io
1128 1738 1336 1794 tramite
1343 1739 1494 1810 juxta
1507 1732 1721 1790 dorsum
1741 1739 1917 1789 lernaeae
1930 1734 2171 1797 ascendit,
2184 1745 2349 1807 atque

403 1852 536 1908 inter
560 1848 869 1921 plicaturam
906 1847 1056 1921 primi
1105 1844 1377 1903 ventriculi
1411 1842 1711 1917 prodeuns,
1752 1842 1846 1898 sub
1885 1840 2224 1916 gangliorum
2262 1857 2350 1897 an-

403 1956 537 2014 nulo
568 1936 753 2031 repens
782 1956 837 2009 in
873 1953 1167 2027 pharyngis
1199 1951 1358 2008 basim
1387 1950 1549 2025 paulo
1587 1948 1740 2022 supra
1765 1947 2072 2023 glandulam
2099 1947 2364 2006 (alivalem'

405 2063 605 2120 definit.
697 2063 806 2117 Vas
851 2060 1172 2118 descendens
1193 2061 1234 2114 h.
1259 2075 1386 2116 vero
1410 2076 1473 2113 ex
1511 2056 1696 2113 eadem
1733 2059 1958 2113 cavitate
1982 2056 2353 2128 propullulans

405 2188 573 2227 unum
598 2186 804 2224 ramum
828 2168 898 2225 ad
922 2170 1203 2241 pulmones
1233 2166 1423 2235 mittit,
1463 2165 1629 2222 altero
1658 2165 1715 2219 in
1751 2165 1916 2238 hepar
1949 2161 2144 2233 tendit,
2191 2176 2354 2237 atque

407 2295 666 2353 magnum
692 2294 900 2332 ramum
924 2275 1159 2332 testiculo
1194 2273 1426 2347 largitur,
1508 2272 1699 2328 Praeter
1739 2289 1867 2326 mox
1901 2283 2235 2327 enumeratos
2271 2287 2353 2326 ra-

407 2403 556 2455 mos,
608 2384 734 2440 nulli
765 2382 851 2440 alii
872 2384 926 2438 in
960 2382 1069 2437 hoc
1091 2381 1171 2437 vel
1202 2380 1515 2437 ascendente
1553 2377 1668 2435 vase
1708 2376 1995 2451 detegendi
2037 2377 2182 2432 sunt:
2222 2376 2351 2432 hinc

408 2492 635 2549 dubium
660 2491 913 2548 obvenire
935 2487 1117 2565 postet,
1142 2501 1319 2544 utrum
1346 2503 1474 2542 mox
1498 2485 1812 2558 descriptum
1839 2485 2000 2541 viscus
2017 2503 2130 2554 eor,
2146 2484 2202 2539 &
2225 2500 2352 2556 por-

408 2601 582 2656 tiones
618 2600 701 2655 hae
736 2609 921 2654 teretes
957 2596 1075 2655 vala
1113 2597 1212 2653 dici
1249 2606 1563 2652 mereantur.
1647 2593 1737 2649 Ast
1776 2590 2151 2666 praeter‘illud‚
2195 2589 2352 2665 quod

408 2705 577 2762 nullas
607 2706 726 2762 alias
749 2717 920 2780 partes
942 2704 1093 2761 cordi
1122 2705 1178 2761 δε
1204 2695 1328 2761 valis
1353 2701 1605 2775 analogas
1630 2700 1682 2754 in
1702 2694 1872 2754 le‘rnaea
1894 2676 2350 2771 deprehenderim,

410 2813 604 2888 quibus
629 2826 811 2870 tamen
845 2812 924 2868 vel
958 2814 1235 2868 minimum
1261 2810 1508 2866 inseetum
1544 2807 1827 2882 praediturn
1855 2806 1948 2863 esse
1974 2803 2245 2881 diligentia
2273 2825 2352 2862 re-

408 2921 710 2978 centiorum
744 2919 1198 2993 Philosophorum
1233 2917 1479 2986 constat'3
1532 2917 1803 2992 sequentes
1836 2915 2175 2972 conditiones
2216 2913 2351 2971 clare

2177 3021 2270 3077 de.
