2513 3435
147 1632 294 1695 figura
312 1640 362 1688 4.

418 122 526 162 112
1201 93 1431 152 CAPUT
1483 89 1586 149 VI.

1278 219 1342 307 ς.
1421 215 1504 285 v.

417 331 729 490 Tertia,
774 344 938 403 quam
963 341 1112 382 nunc
1139 320 1538 381 describendam
1562 319 1873 396 aggredior,
1914 325 2090 377 Pennae
2116 321 2302 398 species
2335 342 2366 381 a,

615 438 852 499 nemine,
898 445 1162 510 quantum
1186 430 1314 488 mibi
1349 429 1587 500 constat,
1623 427 1901 489 observata
1929 428 2044 488 fuit.
2125 430 2235 488 Nisi
2268 431 2365 508 pis-

417 561 621 606 catores
644 545 877 621 excipere
912 541 1066 611 velis,
1105 543 1198 616 qui
1235 539 1382 595 haud
1427 537 1589 594 dubie
1622 537 1677 594 in
1717 537 1859 596 hanc
1893 538 2014 596 alias
2053 538 2368 610 inciderunt,

417 675 539 715 cum
563 655 742 728 lingua
767 649 1047 708 vernacula
1070 654 1241 703 Penna
1265 649 1348 701 del
1349 649 1490 723 peste
1499 664 1699 721 pavone
1723 645 1864 702 illam
1889 648 2142 704 vocitent.
2216 645 2368 706 Piscis

416 764 505 820 hic
525 763 690 819 labrus
700 758 906 836 pulchre
928 763 1107 812 varius
1121 800 1136 823 ,
1163 761 1333 830 pinnis
1351 753 1673 829 pestoralibus
1698 760 1751 808 in
1782 769 1997 809 extremo
2019 756 2240 810 rotundis
2263 759 2367 812 Ar-

415 874 535 927 tediz'
560 870 659 940 est,
685 868 754 923 (⁸)
795 866 922 923 hinc
946 863 1157 921 cuilibet
1182 874 1357 939 patet,
1378 877 1574 936 corpus
1593 859 1732 918 Tab.
1755 859 1851 916 IX.
1875 861 1915 916 F
1919 863 1986 934 ig.
2007 882 2066 932 «4.
2096 862 2366 936 ἀερίἑὶωη

415 975 741 1036 nullomodo
767 987 972 1051 partem
999 970 1210 1046 hujusce
1229 982 1322 1026 aut
1346 969 1551 1027 alterius
1573 966 1724 1040 piscis
1755 965 1879 1040 effe,
1919 967 2007 1026 sed
2033 971 2216 1042 potius
2242 975 2366 1027 Pen-

414 1107 484 1141 nae
507 1083 699 1142 nostrae
717 1080 936 1157 speciem
959 1079 1291 1136 constituere.

669 1189 798 1247 Haec
820 1188 977 1246 nullis
1007 1187 1186 1263 pinnis
1223 1181 1446 1261 praedita
1483 1182 1584 1254 est,
1622 1180 1711 1240 led
1746 1181 1959 1257 simplici
1993 1195 2190 1244 trunco
2222 1181 2366 1240 olleo

416 1299 652 1371 constat,
698 1316 861 1373 quern
891 1295 1115 1370 plurima
1132 1291 1398 1350 tentacula
1423 1291 1689 1349 ambiunt.·
1757 1291 1904 1348 Tota
1929 1293 2035 1366 ejus
2067 1290 2362 1364 longitudo

415 1407 554 1465 duos
597 1408 756 1483 pedes
792 1404 848 1461 &
887 1404 1072 1460 decem
1111 1399 1324 1476 pollices
1353 1398 1641 1473 adaequat,
1693 1399 1866 1455 multo
1902 1415 2032 1457 vero
2068 1393 2368 1473 longiorem

417 1534 532 1572 eam
554 1513 692 1570 fuisse
717 1528 835 1570 non
857 1512 1082 1569 dubito:
1122 1525 1249 1566 nam
1276 1524 1398 1582 quae
1426 1505 1495 1563 ad
1524 1525 1610 1562 me
1638 1500 1814 1563 adlata
1838 1508 1938 1577 est,
1981 1505 2040 1562 δε
2079 1522 2243 1581 quarn
2281 1505 2368 1562 hic

416 1620 814 1679 describendam
850 1617 1090 1690 suscepi,
1153 1617 1209 1673 in
1249 1614 1579 1672 extremitate
1611 1633 1660 1670 a.
1698 1613 1925 1687 abrupta
1965 1613 2134 1671 fuerat
2158 1657 2176 1685 ,
2237 1611 2367 1669 hinc

413 1726 571 1788 etiam
591 1730 696 1786 vita
722 1729 919 1803 privata
941 1726 998 1782 &
1021 1722 1247 1781 naturali
1272 1719 1444 1777 forma
1469 1720 1727 1777 destituta.
1804 1722 1870 1776 In
1891 1720 1995 1777 hac
2015 1728 2211 1795 eorpus
2235 1737 2367 1793 qua-

416 1836 737 1912 drangulum
765 1832 866 1906 est,
907 1831 982 1890 ob
1005 1850 1066 1888 os
1091 1829 1316 1886 fimiliter
1340 1826 1712 1898 efformatum,
1753 1826 1811 1884 δε
1844 1844 1936 1902 per
1970 1840 2150 1914 totum
2189 1833 2365 1889 Penne

419 1961 615 2020 corpus
653 1937 937 2000 extensum.
1017 1937 1142 1993 Hoc
1182 1952 1301 1992 non
1337 1933 1474 1989 adeo
1510 1934 1705 1991 durum
1744 1935 1846 2005 est,
1886 1953 1948 1992 ac
1988 1955 2049 1994 os
2081 1936 2138 1992 in
2166 1948 2364 1994 trunco

416 2054 600 2128 primae
624 2049 807 2126 speciei
831 2059 1179 2114 contentum,
1220 2039 1306 2100 sed
1328 2040 1539 2098 friabilis
1561 2042 1631 2098 est
1671 2042 2047 2114 confistentiae‚
2089 2041 2146 2098 δε
2178 2058 2241 2098 ex
2275 2059 2367 2124 pa-

415 2161 489 2219 sta
511 2159 670 2215 veluti
690 2157 953 2214 farinacea
972 2152 1311 2227 compazSium
1347 2148 1585 2214 videtum
1629 2163 1810 2206 tenera
1843 2149 1960 2206 offis
1980 2150 2136 2223 hujus
2174 2126 2363 2207 consti-

416 2268 555 2326 tutio
581 2266 735 2323 causa
760 2264 976 2321 forsitan
1000 2263 1101 2332 est,
1143 2256 1296 2333 quod
1319 2275 1435 2313 non
1469 2259 1676 2334 integra
1707 2264 1874 2314 Pemm
1905 2257 1961 2312 in
2000 2274 2189 2315 manus
2220 2275 2363 2323 meas

364 2431 366 2433 ,
419 2377 632 2436 venerit.
709 2373 765 2430 Si
788 2368 1304 2446 linguaerapplicetur
1329 2364 1534 2422 nullum
1555 2361 1796 2441 saporem
1818 2366 1874 2422 in
1897 2381 1957 2420 ea
1979 2367 2203 2437 excitat,
2227 2366 2363 2423 inter

422 2482 607 2541 dentes
628 2480 822 2539 stridet,

673 2590 756 2646 Os
791 2588 968 2644 hocce
1004 2582 1352 2661 quadratum,
1420 2578 1714 2638 candidum
1751 2577 2060 2637 membrana
2091 2577 2367 2651 lutesten3‚

420 2695 548 2757 salso
572 2695 755 2773 sapore
776 2694 981 2752 donata
1005 2691 1309 2751 immediate
1327 2689 1562 2762 investit,
1606 2707 1767 2765 quam
1793 2689 1928 2745 cutis
1949 2692 2192 2749 coriacea
2216 2687 2369 2745 dimi-

424 2809 568 2867 diam
590 2805 790 2862 circiter
810 2803 1004 2859 lineam
1043 2798 1200 2858 craffa
1237 2797 1477 2874 undique
1508 2796 1820 2856 circumdat.
1905 2797 2049 2854 Inter
2081 2809 2368 2870 utramque

2132 2921 2298 2962 mem-

567 3045 640 3098 (”>
675 3044 774 3086 Vide
791 3042 976 3097 Descript.
1004 3038 1211 3094 specierum
1233 3038 1402 3095 piscium.
1433 3053 1470 3094 p.
1495 3048 1562 3093 55.
