2513 3435
417 131 521 170 122
1190 104 1417 162 CAPUT
1473 105 1579 166 VI.

416 234 590 293 munis
622 230 876 301 sensatio,
923 243 1084 303 quam
1127 226 1208 285 Cl.
1249 229 1471 285 Domn
1506 229 1797 306 tangendo«
1820 227 1914 288 sub
1953 243 2095 306 aqua
2126 239 2370 296 corallium

420 344 617 400 rubrum
643 339 969 410 observavit,
1013 339 1175 409 dum,
1215 349 1276 394 ut
1299 338 1390 414 ipfi
1413 337 1563 414 loqui
1582 339 1789 412 placet,
1831 343 1990 416 Polypi
2013 349 2112 410 ejus
2143 347 2263 399 illico
2289 345 2369 401 ab-

405 453 780 526 sconderentur„
817 465 934 506 non
952 446 1093 504 secus
1119 465 1181 504 ac
1213 464 1316 521 ego
1353 462 1478 504 curn
1512 446 1784 506 tentaculis
1807 453 1979 503 Pennae
2006 447 2211 507 evenire
2243 449 2369 523 dixi,

421 574 619 632 magna
641 557 761 615 sane
787 556 820 613 fi
846 573 963 613 non
995 554 1267 612 cerriffima·
1294 554 1486 612 indicia
1508 553 1659 610 sunt:
1702 555 1856 628 quod
1887 552 2106 632 praefata
2137 571 2371 630 corpora

426 666 628 722 marina
663 681 786 722 cum
820 668 988 719 Penmz
1025 665 1170 740 gravi
1206 662 1463 722 affinitate
1498 661 1738 721 devint&
1773 661 1883 718 fint.
1968 660 2374 736 Consequenter

427 771 583 846 quod
609 771 852 833 animalia
879 773 936 829 &
961 789 1078 831 non
1106 773 1328 848 plantae,
1373 769 1527 847 quod
1549 769 1796 826 animalia
1825 768 2064 845 simplicia
2099 770 2157 827 &
2187 786 2306 826 non
2344 786 2374 827 e

426 878 661 954 pluribus
692 881 1010 954 composita,
1051 881 1282 956 denique
1314 879 1468 954 quod
1499 875 1771 935 tentacula
1805 894 1991 933 eorum
2029 893 2146 933 non
2182 875 2374 952 polypi

425 988 645 1045 internae
670 987 968 1045 substantiae
995 987 1139 1044 durae
1165 986 1468 1057 adventitii,
1512 984 1600 1042 std
1624 997 1795 1059 partes
1817 985 1981 1042 totius
2006 984 2246 1043 animalis
2260 985 2374 1042 fint.

581 1072 599 1088 ‘⁴
682 1095 772 1151 Ast
799 1094 1049 1168 objicient
1075 1092 1350 1166 nonnulli,
1381 1093 1413 1150 fi
1433 1094 1659 1169 litophyta
1685 1090 1742 1149 &
1767 1095 1969 1163 oraria
1994 1091 2240 1166 fimplicia
2263 1093 2373 1151 ani.

425 1200 580 1258 malia
603 1200 752 1275 sunt,
791 1200 1080 1277 quomodo
1108 1199 1364 1277 abruptus
1390 1221 1431 1258 e.
1461 1221 1509 1276 g.
1547 1205 1740 1256 Corallii
1760 1202 1914 1258 *rubri
1947 1217 2123 1257 ramus
2165 1198 2221 1256 δε
2256 1216 2373 1256 om-

428 1308 519 1366 nia
537 1310 596 1366 in
620 1328 686 1367 eo
711 1310 975 1368 tentacula
1006 1309 1171 1368 vitam
1207 1309 1556 1369 conservant?
1600 1307 1758 1367 veluti
1797 1327 1859 1366 ex
1887 1310 1969 1366 Cl.
2003 1309 2224 1365 DoNAn
2249 1308 2376 1365 alio-

428 1434 654 1493 rumque
677 1416 1133 1476 observationibus
1152 1407 1376 1478 constat.
1460 1414 1814 1489 Respondeo:
1853 1415 2038 1472 eadem
2062 1413 2273 1488 prorius
2299 1433 2380 1473 ra-

434 1525 583 1583 tione
607 1544 668 1584 ac
699 1528 918 1596 virtute,
959 1542 1065 1601 qua
1102 1523 1388 1581 lumbricus
1415 1524 1691 1594 terrestris,
1735 1540 1895 1596 quem
1933 1539 2121 1580 omnes
2161 1523 2380 1580 unicum

426 1632 630 1691 animal
656 1631 750 1689 effe
770 1633 1133 1706 agnoscimus,
1169 1633 1224 1690 in
1256 1633 1389 1690 duas
1414 1629 1621 1689 veltres
1643 1642 1818 1704 partes
1855 1629 2084 1687 dissertus
2127 1632 2181 1686 in
2217 1631 2381 1705 quali-

434 1740 525 1799 bet
550 1754 696 1816 parte
717 1743 874 1813 vivit,
916 1741 974 1798 &
1002 1740 1253 1816 quaelibet
1284 1739 1466 1815 portio
1500 1738 1797 1797 diststffium
1836 1735 2153 1793 lumbricum
2191 1737 2383 1802 consti-

434 1848 556 1908 tuit.
635 1851 778 1927 Qae
800 1865 927 1907 vero
952 1848 1066 1906 haec
1087 1850 1249 1907 virtus
1276 1847 1333 1903 fit
1351 1891 1368 1918 ,
1417 1865 1572 1922 aeque
1595 1865 1680 1903 me
1704 1844 1759 1902 &
1783 1860 1970 1901 omnes
1996 1843 2125 1901 alios
2148 1844 2291 1915 latet,
2321 1843 2380 1900 δε

437 1953 546 2013 fors
562 1956 618 2012 in
637 1968 895 2013 aeternum
918 1956 1115 2013 latebit.
1188 1956 1497 2029 Opponent
1525 1963 1782 2025 praeterea
1809 1951 1919 2007 alii:
1963 1963 2154 2008 contra
2177 1963 2384 2008 naturae

438 2061 875 2126 consuetudinem
900 2062 994 2119 esse
1017 2060 1253 2133 videtur,
1294 2074 1353 2118 ut
1374 2059 1645 2135 cujusdam
1675 2057 1909 2115 animalis
1938 2070 2110 2132 partes
2150 2071 2385 2134 quotan-

438 2174 518 2231 nis
541 2184 864 2247 augeantur3
907 2185 966 2228 ut
988 2170 1205 2245 quidem
1231 2188 1352 2226 cum
1375 2186 1470 2224 ore
1500 2173 1671 2224 Pennae
1694 2167 2115 2243 litophytorumque
2137 2164 2313 2239 fieret,
2349 2165 2386 2223 fi

438 2279 706 2339 tentacula
730 2296 916 2336 eorum
940 2296 1057 2336 non
1082 2277 1310 2335 totidem
1334 2275 1553 2334 distineri
1579 2274 1768 2350 polypi
1799 2270 1972 2329 ess‘ent.
2052 2274 2270 2352 Qbus
2293 2290 2384 2332 au·

437 2399 547 2445 tem
570 2386 892 2462 respondeo:
934 2398 1125 2444 contra
1151 2397 1354 2443 naturae
1377 2381 1819 2441 consuetudinem
1842 2379 1937 2436 esse
1963 2381 2198 2453 videtur,
2241 2395 2301 2439 ut
2322 2400 2386 2443 ex

438 2494 674 2569 quadam
696 2494 930 2552 animalis
952 2507 1098 2570 parte
1118 2495 1382 2570 integrum
1406 2489 1597 2548 animal
1616 2487 1927 2545 renascatur.
2008 2474 2186 2562 Qod
2208 2503 2389 2550 tamen

438 2600 548 2659 fieri
573 2605 728 2678 polypi
748 2604 983 2679 palustres
1015 2605 1250 2677 apprime
1284 2600 1500 2659 docent,
1605 2595 1692 2652 An
1721 2595 1903 2669 itaque
1939 2606 2143 2652 naturae
2179 2615 2210 2653 a
2247 2595 2384 2655 sum-

438 2728 534 2769 mo
554 2722 788 2768 creatore
812 2711 884 2766 ita
907 2711 1169 2771 ordinatae
1193 2708 1542 2784 impoffibile?
1581 2703 1716 2764 ut&
1746 2719 1868 2778 pars
1897 2701 2149 2778 quaedam
2173 2704 2383 2780 integro

434 2819 647 2879 animali
674 2817 939 2877 accrescat.

2198 3025 2302 3085 Ne-
