2513 3435
846 112 853 121 ‘
916 98 1011 155 DE
1061 95 1369 155 F1MBR1A.
2041 111 2109 167 61

412 221 648 282 Tertiam
692 224 855 297 leporis
890 226 1072 275 marini
1114 218 1334 295 speciem
1371 236 1434 278 eX
1468 220 1683 277 Fimbria
1725 239 1947 299 quoque
1986 225 2109 286 facit

156 331 578 401 ALnRovANDus,
601 328 672 383 (⁰)
713 340 977 404 quantum
1000 347 1061 385 ex
1085 327 1208 386 data
1229 329 1296 386 ab
1321 347 1388 387 eo
1423 328 1590 404 figura
1615 330 1903 404 intelligere
1933 336 2107 405 potui.

154 440 581 515 Descriptionem
620 438 726 512 ejus
766 438 923 496 talem
963 434 1143 510 dedit,
1182 449 1243 493 ut
1276 438 1458 510 potius
1497 437 1640 495 aliud
1676 438 1900 510 animal,
1942 459 2107 514 quam

153 549 417 604 Fimbriam
436 544 676 603 indicasse
699 546 819 620 quis
840 545 1113 620 conjiciat:
1157 563 1220 603 ex
1254 563 1390 621 qua,
1430 562 1500 602 ne
1532 546 1760 603 aliorum
1785 546 1956 606 verbis
1982 567 2109 624 prae-

152 654 265 713 sens
294 667 452 732 caput
476 652 670 728 replere
691 652 898 724 videar,
939 651 1210 728 sequentia
1244 654 1506 711 duntaxat
1532 654 1681 712 liceat
1710 654 1962 713 adcitare:
2004 662 2107 732 Sep-

151 779 246 818 tem
268 762 410 817 habet
436 764 712 837 appendices
737 768 1001 816 innumeris
1011 762 1612 837 promuscidz'busstaejvatcrs
1640 785 1704 818 ex
1729 766 1888 820 indico
1919 771 1973 818 in
1995 784 2107 838 cya-

151 893 293 926 nemn
317 886 591 947 vergentes,
615 870 1015 947 quihussitgendo
1041 870 1323 924 alimentum
1349 878 1523 946 corpori
1531 873 1769 946 sttggerit.
1849 872 1968 946 Ego
1992 873 2109 929 nul-

148 978 222 1036 las
246 978 564 1054 appendices
588 975 1011 1050 promuscidibus
1037 976 1246 1050 stipatas
1275 975 1414 1032 circa
1440 993 1501 1033 os
1515 979 1735 1033 Fimbriae
1762 975 2106 1054 deprehendi,

147 1103 324 1162 neque
368 1083 534 1141 ullum
581 1084 868 1141 Aufflorem
906 1103 990 1142 eas
1030 1082 1318 1141 observasse
1356 1085 1515 1155 novi,
1559 1099 1785 1161 excepto
1822 1089 2106 1159 Betromo,

146 1196 290 1268 cujus
315 1193 588 1250 historiam
612 1191 679 1248 de
703 1191 868 1250 hacce
891 1192 1042 1249 tertia
1087 1197 1249 1269 leporis
1284 1200 1469 1247 marino
1503 1192 1668 1269 specie
1708 1196 2101 1254 ArnaovANDus

146 1303 398 1359 recitavit.
478 1298 690 1374 Qodfi
708 1311 894 1356 tamen
918 1298 1004 1355 hae
1027 1299 1385 1375 promuscides
1416 1301 1471 1357 in
1502 1302 1748 1374 animali,
1790 1306 1934 1379 cujus
1975 1305 2109 1379 figua

147 1428 261 1467 ram
283 1410 674 1467 ALDROVANDUS
705 1406 880 1479 dedit,
922 1407 1118 1478 adsint,
1160 1407 1269 1464 hoc
1297 1426 1327 1465 a
1349 1411 1514 1486 leporis
1546 1418 1730 1468 marim·
1761 1430 1952 1487 genere
1988 1412 2101 1488 plu⁴³

146 1517 338 1576 timum
364 1514 550 1575 diserte
578 1514 660 1574 vel
690 1533 753 1573 ex
779 1515 963 1574 iisdem
989 1517 1186 1574 clarum
1212 1517 1300 1573 est.

938 1668 1003 1756 ς.
1097 1665 1306 1735 Vm.

146 1828 369 1988 Cum
395 1831 574 1906 itaque
598 1831 700 1888 hac
721 1832 929 1888 ratione
953 1828 1295 1903 sufficienter,
1336 1843 1396 1888 ut
1422 1835 1650 1908 opinor,
1681 1832 2104 1894 demonstratum

325 1939 402 2010 sit,
424 1940 685 1996 Fimbriam
708 1957 885 2015 neque
904 1938 1453 2014 juxtaRONDELETmM
1478 1939 1535 1998 δε
1560 1941 1990 2016 ΑιοκονΑΝῡυΜ,
2010 1963 2103 2002 ne-

143 2064 248 2122 que
266 2049 418 2122 juxta
436 2067 608 2105 meam
635 2055 679 2117 §.
705 2050 746 2104 I.
771 2049 842 2104 ΙΙ.
870 2047 965 2104 111.
993 2047 1089 2104 IV.
1119 2047 1545 2124 qualemcunque
1589 2049 1995 2125 descriptionem
2031 2053 2101 2110 ad

143 2159 305 2230 leporis
332 2164 510 2211 marim·
538 2157 794 2211 Veterum
820 2154 899 2228 vel
924 2160 1099 2210 lernaeae
1118 2155 1318 2212 Limum
1340 2174 1509 2231 genus
1536 2161 1816 2232 pertinere:
1842 2177 1908 2216 eo
1930 2161 2103 2217 mino-

142 2279 252 2318 rem
279 2263 333 2317 in
376 2259 702 2319 adducendis
737 2261 1075 2321 ulterioribus
1110 2262 1179 2320 ad
1210 2263 1265 2322 id
1298 2263 1728 2322 confirmandum
1777 2268 2099 2339 argumentis

143 2369 327 2427 versari
348 2368 505 2426 video
534 2370 913 2442 necessitatem,
957 2389 1071 2447 quo
1097 2373 1282 2446 majori
1311 2371 1397 2447 spe
1425 2384 1641 2443 teneor,
1668 2374 1934 2430 neminem
1956 2372 2097 2432 fore:

145 2477 241 2551 qui
267 2475 348 2533 vel
374 2480 689 2551 comparatis
711 2483 887 2533 lernaeae
914 2477 972 2534 &
995 2482 1215 2535 Fimbriae
1239 2480 1439 2555 figuriS‚
1462 2496 1715 2555 magnam
1740 2481 1873 2537 inter
1900 2494 2097 2539 utram-

144 2601 249 2658 que
273 2583 592 2641 intercedere
614 2583 965 2643 differentiam
990 2604 1108 2644 non
1127 2588 1487 2661 cognosceret.
1552 2589 1701 2663 Qa
1725 2606 1850 2646 vero
1880 2589 1957 2646 his
1980 2606 2097 2646 non

145 2689 480 2748 obstantibus
517 2692 775 2768 quispiam
813 2695 1040 2770 objicere
1074 2692 1271 2768 posset„
1315 2694 1470 2772 quod
1505 2696 1718 2751 Fimbria
1751 2715 1875 2754 cum
1921 2701 2095 2752 lernam

145 2799 351 2871 optime
371 2798 440 2855 ad
476 2817 644 2857 unum
674 2801 928 2877 idemque
957 2821 1122 2879 genus
1159 2804 1473 2877 reducatur,
1516 2822 1637 2861 curn
1668 2817 1894 2882 utraque
1928 2817 2094 2861 tenta·

565 2900 568 2902 ⁵
1092 2912 1144 2968 H
1192 2928 1222 2984 3
1929 2929 2017 2968 cu-

294 3035 364 3088 s)
397 3039 457 3078 De
481 3038 666 3080 Mouibus
689 3040 732 3079 L.
760 3042 787 3079 1.
813 3054 845 3081 c.
871 3043 960 3081 vn.
