<?xml version="1.0" encoding="UTF-8"?>
<!DOCTYPE html PUBLIC "-//W3C//DTD XHTML 1.0 Transitional//EN"
    "http://www.w3.org/TR/xhtml1/DTD/xhtml1-transitional.dtd">
<html xmlns="http://www.w3.org/1999/xhtml" xml:lang="en" lang="en">
 <head>
  <title>
</title>
<meta http-equiv="Content-Type" content="text/html;charset=utf-8" />
  <meta name='ocr-system' content='tesseract 3.04.00' />
  <meta name='ocr-capabilities' content='ocr_page ocr_carea ocr_par ocr_line ocrx_word'/>
</head>
<body>
  <div class='ocr_page' id='page_1' title='image "./dequibusdamanima00boh_0128.png"; bbox 0 0 2513 3435; ppageno 0'>
   <div class='ocr_carea' id='block_1_1' title="bbox 447 117 2401 325">
    <p class='ocr_par' dir='ltr' id='par_1_1' title="bbox 447 117 2401 325">
     <span class='ocr_line' id='line_1_1' title="bbox 453 117 1615 202; baseline -0.015 -12"><span class='ocrx_word' id='word_1_1' title='bbox 453 150 561 202; x_wconf 77' lang='lat'><strong>104</strong></span> <span class='ocrx_word' id='word_1_2' title='bbox 1229 117 1456 177; x_wconf 75' lang='lat' dir='ltr'>CAPUT</span> <span class='ocrx_word' id='word_1_3' title='bbox 1508 117 1615 176; x_wconf 89' lang='lat' dir='ltr'><strong>VI.</strong></span> 
     </span>
     <span class='ocr_line' id='line_1_2' title="bbox 447 239 2401 325; baseline -0.005 -14"><span class='ocrx_word' id='word_1_4' title='bbox 447 266 527 312; x_wconf 85' lang='lat' dir='ltr'><strong>tra</strong></span> <span class='ocrx_word' id='word_1_5' title='bbox 551 252 741 325; x_wconf 84' lang='lat' dir='ltr'>pinnas</span> <span class='ocrx_word' id='word_1_6' title='bbox 767 246 980 306; x_wconf 61' lang='lat' dir='ltr'><strong>retracta</strong></span> <span class='ocrx_word' id='word_1_7' title='bbox 1014 260 1044 300; x_wconf 83' lang='lat' dir='ltr'><strong>a</strong></span> <span class='ocrx_word' id='word_1_8' title='bbox 1075 242 1485 319; x_wconf 84' lang='lat' dir='ltr'>quibuscunque</span> <span class='ocrx_word' id='word_1_9' title='bbox 1521 240 1714 316; x_wconf 87' lang='lat' dir='ltr'><strong>injuriis</strong></span> <span class='ocrx_word' id='word_1_10' title='bbox 1745 254 1848 313; x_wconf 86' lang='lat' dir='ltr'><strong>pro</strong></span> <span class='ocrx_word' id='word_1_11' title='bbox 1880 239 2109 297; x_wconf 87' lang='lat' dir='ltr'><strong>modulo</strong></span> <span class='ocrx_word' id='word_1_12' title='bbox 2147 240 2401 302; x_wconf 83' lang='lat' dir='ltr'><strong>defende-</strong></span> 
     </span>
    </p>
   </div>
   <div class='ocr_carea' id='block_1_2' title="bbox 449 347 2406 1074">
    <p class='ocr_par' dir='ltr' id='par_1_2' title="bbox 449 347 2406 1074">
     <span class='ocr_line' id='line_1_3' title="bbox 450 347 2400 422; baseline -0.006 -3"><span class='ocrx_word' id='word_1_13' title='bbox 450 374 581 422; x_wconf 83' lang='lat' dir='ltr'><strong>rent.</strong></span> <span class='ocrx_word' id='word_1_14' title='bbox 666 359 900 416; x_wconf 84' lang='lat' dir='ltr'><strong>Officula</strong></span> <span class='ocrx_word' id='word_1_15' title='bbox 925 356 1102 411; x_wconf 86' lang='lat' dir='ltr'><strong>haecce</strong></span> <span class='ocrx_word' id='word_1_16' title='bbox 1128 353 1342 408; x_wconf 72' lang='lat' dir='ltr'><strong>ULYssts</strong></span> <span class='ocrx_word' id='word_1_17' title='bbox 1364 351 1755 407; x_wconf 78' lang='lat' dir='ltr'>ALDROVANDUS</span> <span class='ocrx_word' id='word_1_18' title='bbox 1777 347 1833 405; x_wconf 70' lang='grc' dir='ltr'><strong>δε</strong></span> <span class='ocrx_word' id='word_1_19' title='bbox 1858 350 2162 421; x_wconf 74' lang='lat' dir='ltr'><strong>JoNSToNUs</strong></span> <span class='ocrx_word' id='word_1_20' title='bbox 2183 349 2400 411; x_wconf 74' lang='lat' dir='ltr'><strong>festucas</strong></span> 
     </span>
     <span class='ocr_line' id='line_1_4' title="bbox 452 456 2401 537; baseline -0.004 -11"><span class='ocrx_word' id='word_1_21' title='bbox 452 470 669 527; x_wconf 81' lang='lat' dir='ltr'>alumini</span> <span class='ocrx_word' id='word_1_22' title='bbox 707 465 865 525; x_wconf 86' lang='lat' dir='ltr'><strong>sciffili</strong></span> <span class='ocrx_word' id='word_1_23' title='bbox 898 463 1077 521; x_wconf 61' lang='lat' dir='ltr'><strong>similes</strong></span> <span class='ocrx_word' id='word_1_24' title='bbox 1115 460 1416 537; x_wconf 84' lang='lat' dir='ltr'><strong>appellant,</strong></span> <span class='ocrx_word' id='word_1_25' title='bbox 1481 456 1873 516; x_wconf 87' lang='lat' dir='ltr'><strong>tentaculorum</strong></span> <span class='ocrx_word' id='word_1_26' title='bbox 1916 476 2042 516; x_wconf 84' lang='lat' dir='ltr'><strong>vero</strong></span> <span class='ocrx_word' id='word_1_27' title='bbox 2080 478 2401 520; x_wconf 79' lang='lat' dir='ltr'><strong>carneorum</strong></span> 
     </span>
     <span class='ocr_line' id='line_1_5' title="bbox 449 565 2403 644; baseline -0.006 -8"><span class='ocrx_word' id='word_1_28' title='bbox 449 592 636 636; x_wconf 81' lang='lat' dir='ltr'><strong>neuter</strong></span> <span class='ocrx_word' id='word_1_29' title='bbox 661 576 918 634; x_wconf 71' lang='lat' dir='ltr'><strong>meminit.</strong></span> <span class='ocrx_word' id='word_1_30' title='bbox 994 571 1133 627; x_wconf 90' lang='lat' dir='ltr'><strong>Hinc</strong></span> <span class='ocrx_word' id='word_1_31' title='bbox 1161 582 1383 643; x_wconf 87' lang='lat' dir='ltr'><strong>uterque</strong></span> <span class='ocrx_word' id='word_1_32' title='bbox 1404 573 1624 622; x_wconf 74' lang='lat' dir='ltr'><strong>Pennam</strong></span> <span class='ocrx_word' id='word_1_33' title='bbox 1651 565 1957 623; x_wconf 77' lang='lat' dir='ltr'><strong>exsiccatam</strong></span> <span class='ocrx_word' id='word_1_34' title='bbox 1991 565 2192 637; x_wconf 82' lang='lat' dir='ltr'><strong>vidiffe‚</strong></span> <span class='ocrx_word' id='word_1_35' title='bbox 2239 583 2403 644; x_wconf 85' lang='lat' dir='ltr'><strong>atque</strong></span> 
     </span>
     <span class='ocr_line' id='line_1_6' title="bbox 452 674 2402 760; baseline -0.007 -15"><span class='ocrx_word' id='word_1_36' title='bbox 452 683 750 760; x_wconf 70' lang='lat' dir='ltr'><strong>descripsisse</strong></span> <span class='ocrx_word' id='word_1_37' title='bbox 772 681 1010 750; x_wconf 77' lang='lat' dir='ltr'><strong>videtur,</strong></span> <span class='ocrx_word' id='word_1_38' title='bbox 1049 680 1103 736; x_wconf 90' lang='lat' dir='ltr'><strong>in</strong></span> <span class='ocrx_word' id='word_1_39' title='bbox 1125 695 1231 752; x_wconf 87' lang='lat' dir='ltr'><strong>qua</strong></span> <span class='ocrx_word' id='word_1_40' title='bbox 1254 675 1473 751; x_wconf 82' lang='lat' dir='ltr'><strong>praefata</strong></span> <span class='ocrx_word' id='word_1_41' title='bbox 1499 674 1711 732; x_wconf 83' lang='lat' dir='ltr'><strong>officula</strong></span> <span class='ocrx_word' id='word_1_42' title='bbox 1736 676 1947 732; x_wconf 87' lang='lat' dir='ltr'><strong>alumen</strong></span> <span class='ocrx_word' id='word_1_43' title='bbox 1980 674 2149 731; x_wconf 80' lang='lat' dir='ltr'><strong>sciffile</strong></span> <span class='ocrx_word' id='word_1_44' title='bbox 2189 674 2277 732; x_wconf 72' lang='lat' dir='ltr'><strong>{eu</strong></span> <span class='ocrx_word' id='word_1_45' title='bbox 2303 684 2402 732; x_wconf 85' lang='lat' dir='ltr'><strong>As-</strong></span> 
     </span>
     <span class='ocr_line' id='line_1_7' title="bbox 453 783 2406 870; baseline -0.006 -18"><span class='ocrx_word' id='word_1_46' title='bbox 453 793 778 870; x_wconf 74' lang='lat' dir='ltr'><strong>bestumfihris</strong></span> <span class='ocrx_word' id='word_1_47' title='bbox 790 793 1069 867; x_wconf 80' lang='lat' dir='ltr'><em>parallelis,</em></span> <span class='ocrx_word' id='word_1_48' title='bbox 1090 789 1405 864; x_wconf 74' lang='lat' dir='ltr'><strong>fragillimis,</strong></span> <span class='ocrx_word' id='word_1_49' title='bbox 1447 792 1544 839; x_wconf 81' lang='lat' dir='ltr'><strong>vix</strong></span> <span class='ocrx_word' id='word_1_50' title='bbox 1568 785 1914 860; x_wconf 61' lang='lat' dir='ltr'><strong>ssparabz‘libus</strong></span> <span class='ocrx_word' id='word_1_51' title='bbox 1950 786 2165 841; x_wconf 56' lang='lat' dir='ltr'><strong>Viirssiffl</strong></span> <span class='ocrx_word' id='word_1_52' title='bbox 2200 783 2272 838; x_wconf 83' lang='lat'><strong>(&#39;)</strong></span> <span class='ocrx_word' id='word_1_53' title='bbox 2322 796 2406 840; x_wconf 88' lang='lat' dir='ltr'><strong>ut-</strong></span> 
     </span>
     <span class='ocr_line' id='line_1_8' title="bbox 451 891 2404 978; baseline -0.006 -17"><span class='ocrx_word' id='word_1_54' title='bbox 451 921 665 978; x_wconf 86' lang='lat' dir='ltr'><strong>cunque</strong></span> <span class='ocrx_word' id='word_1_55' title='bbox 688 898 934 958; x_wconf 86' lang='lat' dir='ltr'><strong>referunt.</strong></span> <span class='ocrx_word' id='word_1_56' title='bbox 979 898 1087 971; x_wconf 84' lang='lat' dir='ltr'><strong>Fig.</strong></span> <span class='ocrx_word' id='word_1_57' title='bbox 1109 911 1153 963; x_wconf 75' lang='grc' dir='ltr'><strong>ς.</strong></span> <span class='ocrx_word' id='word_1_58' title='bbox 1171 901 1387 949; x_wconf 68' lang='lat' dir='ltr'><strong>Pennana</strong></span> <span class='ocrx_word' id='word_1_59' title='bbox 1410 892 1589 950; x_wconf 85' lang='lat' dir='ltr'><strong>ficcam</strong></span> <span class='ocrx_word' id='word_1_60' title='bbox 1612 891 1974 967; x_wconf 76' lang='lat' dir='ltr'><strong>repraesentat,</strong></span> <span class='ocrx_word' id='word_1_61' title='bbox 2004 895 2126 967; x_wconf 79' lang='lat' dir='ltr'><strong>quae</strong></span> <span class='ocrx_word' id='word_1_62' title='bbox 2150 892 2271 950; x_wconf 82' lang='lat' dir='ltr'><strong>sane</strong></span> <span class='ocrx_word' id='word_1_63' title='bbox 2292 892 2404 968; x_wconf 87' lang='lat' dir='ltr'><strong>plu-</strong></span> 
     </span>
     <span class='ocr_line' id='line_1_9' title="bbox 451 999 2404 1074; baseline -0.008 -5"><span class='ocrx_word' id='word_1_64' title='bbox 451 1013 642 1069; x_wconf 87' lang='lat' dir='ltr'><strong>rimum</strong></span> <span class='ocrx_word' id='word_1_65' title='bbox 665 1029 695 1065; x_wconf 85' lang='lat' dir='ltr'><strong>a</strong></span> <span class='ocrx_word' id='word_1_66' title='bbox 718 1010 834 1067; x_wconf 86' lang='lat' dir='ltr'><strong>viva</strong></span> <span class='ocrx_word' id='word_1_67' title='bbox 861 1004 1042 1074; x_wconf 78' lang='lat' dir='ltr'><strong>difert‚</strong></span> <span class='ocrx_word' id='word_1_68' title='bbox 1075 1003 1131 1058; x_wconf 88' lang='lat'>&amp;</span> <span class='ocrx_word' id='word_1_69' title='bbox 1155 999 1302 1058; x_wconf 83' lang='lat' dir='ltr'><strong>fimul</strong></span> <span class='ocrx_word' id='word_1_70' title='bbox 1323 1000 1457 1056; x_wconf 82' lang='lat' dir='ltr'><strong>clare</strong></span> <span class='ocrx_word' id='word_1_71' title='bbox 1482 999 1834 1055; x_wconf 82' lang='lat' dir='ltr'><strong>demonstrat:</strong></span> <span class='ocrx_word' id='word_1_72' title='bbox 1884 999 2032 1055; x_wconf 85' lang='lat' dir='ltr'><strong>datas</strong></span> <span class='ocrx_word' id='word_1_73' title='bbox 2055 1000 2125 1055; x_wconf 83' lang='lat' dir='ltr'><strong>ab</strong></span> <span class='ocrx_word' id='word_1_74' title='bbox 2151 999 2261 1055; x_wconf 81' lang='lat' dir='ltr'><strong>aliis</strong></span> <span class='ocrx_word' id='word_1_75' title='bbox 2292 1000 2404 1055; x_wconf 89' lang='lat' dir='ltr'><strong>Au-</strong></span> 
     </span>
    </p>
   </div>
   <div class='ocr_carea' id='block_1_3' title="bbox 452 1106 2151 1188">
    <p class='ocr_par' dir='ltr' id='par_1_3' title="bbox 452 1106 2151 1188">
     <span class='ocr_line' id='line_1_10' title="bbox 452 1106 2151 1188; baseline -0.009 -9"><span class='ocrx_word' id='word_1_76' title='bbox 452 1120 685 1179; x_wconf 68' lang='lat' dir='ltr'><strong>&amp;oribus</strong></span> <span class='ocrx_word' id='word_1_77' title='bbox 712 1122 884 1174; x_wconf 75' lang='lat' dir='ltr'><strong>Pennae</strong></span> <span class='ocrx_word' id='word_1_78' title='bbox 909 1112 1101 1188; x_wconf 77' lang='lat' dir='ltr'><strong>figuras</strong></span> <span class='ocrx_word' id='word_1_79' title='bbox 1121 1110 1350 1166; x_wconf 87' lang='lat' dir='ltr'><strong>omnino</strong></span> <span class='ocrx_word' id='word_1_80' title='bbox 1378 1124 1591 1164; x_wconf 82' lang='lat' dir='ltr'><strong>mancas</strong></span> <span class='ocrx_word' id='word_1_81' title='bbox 1616 1106 2021 1182; x_wconf 83' lang='lat' dir='ltr'><strong>&amp;imaginarias</strong></span> <span class='ocrx_word' id='word_1_82' title='bbox 2043 1106 2151 1163; x_wconf 79' lang='lat' dir='ltr'><strong>effe,</strong></span> 
     </span>
    </p>
   </div>
   <div class='ocr_carea' id='block_1_4' title="bbox 451 1213 2409 1520">
    <p class='ocr_par' dir='ltr' id='par_1_4' title="bbox 451 1213 2409 1520">
     <span class='ocr_line' id='line_1_11' title="bbox 711 1213 2409 1295; baseline -0.005 -15"><span class='ocrx_word' id='word_1_83' title='bbox 711 1225 862 1280; x_wconf 88' lang='lat' dir='ltr'><strong>Dum</strong></span> <span class='ocrx_word' id='word_1_84' title='bbox 885 1235 1105 1278; x_wconf 85' lang='lat' dir='ltr'><strong>truncus</strong></span> <span class='ocrx_word' id='word_1_85' title='bbox 1129 1221 1281 1295; x_wconf 84' lang='lat' dir='ltr'><strong>juxta</strong></span> <span class='ocrx_word' id='word_1_86' title='bbox 1314 1214 1712 1291; x_wconf 76' lang='lat' dir='ltr'><strong>longitudinem</strong></span> <span class='ocrx_word' id='word_1_87' title='bbox 1749 1217 2010 1290; x_wconf 81' lang='lat' dir='ltr'><strong>aperitur,</strong></span> <span class='ocrx_word' id='word_1_88' title='bbox 2049 1214 2225 1289; x_wconf 82' lang='lat' dir='ltr'><strong>liquor</strong></span> <span class='ocrx_word' id='word_1_89' title='bbox 2256 1213 2409 1273; x_wconf 68' lang='lat' dir='ltr'><strong>salsus</strong></span> 
     </span>
     <span class='ocr_line' id='line_1_12' title="bbox 451 1323 2408 1406; baseline -0.007 -12"><span class='ocrx_word' id='word_1_90' title='bbox 451 1336 663 1394; x_wconf 86' lang='lat' dir='ltr'><strong>unciam</strong></span> <span class='ocrx_word' id='word_1_91' title='bbox 705 1334 905 1389; x_wconf 83' lang='lat' dir='ltr'><strong>circiter</strong></span> <span class='ocrx_word' id='word_1_92' title='bbox 944 1326 1182 1406; x_wconf 85' lang='lat' dir='ltr'><strong>pendens</strong></span> <span class='ocrx_word' id='word_1_93' title='bbox 1217 1323 1394 1383; x_wconf 87' lang='lat' dir='ltr'><strong>effluit.</strong></span> <span class='ocrx_word' id='word_1_94' title='bbox 1467 1323 1643 1379; x_wconf 89' lang='lat' dir='ltr'><strong>Totus</strong></span> <span class='ocrx_word' id='word_1_95' title='bbox 1678 1334 1892 1378; x_wconf 86' lang='lat' dir='ltr'><strong>truncus</strong></span> <span class='ocrx_word' id='word_1_96' title='bbox 1929 1340 2091 1379; x_wconf 81' lang='lat' dir='ltr'><strong>cavus</strong></span> <span class='ocrx_word' id='word_1_97' title='bbox 2123 1323 2221 1393; x_wconf 86' lang='lat' dir='ltr'><strong>est,</strong></span> <span class='ocrx_word' id='word_1_98' title='bbox 2263 1326 2408 1399; x_wconf 74' lang='lat' dir='ltr'><strong>cujus</strong></span> 
     </span>
     <span class='ocr_line' id='line_1_13' title="bbox 451 1428 2408 1520; baseline -0.006 -20"><span class='ocrx_word' id='word_1_99' title='bbox 451 1444 703 1520; x_wconf 75' lang='lat' dir='ltr'><strong>parietem</strong></span> <span class='ocrx_word' id='word_1_100' title='bbox 728 1451 1003 1497; x_wconf 79' lang='lat' dir='ltr'><strong>externum</strong></span> <span class='ocrx_word' id='word_1_101' title='bbox 1028 1436 1339 1493; x_wconf 84' lang='lat' dir='ltr'><strong>membrana</strong></span> <span class='ocrx_word' id='word_1_102' title='bbox 1365 1432 1601 1489; x_wconf 82' lang='lat' dir='ltr'><strong>coriacea</strong></span> <span class='ocrx_word' id='word_1_103' title='bbox 1633 1428 1764 1486; x_wconf 83' lang='lat' dir='ltr'><strong>ultra</strong></span> <span class='ocrx_word' id='word_1_104' title='bbox 1806 1429 1995 1485; x_wconf 83' lang='lat' dir='ltr'><strong>lineam</strong></span> <span class='ocrx_word' id='word_1_105' title='bbox 2032 1428 2185 1487; x_wconf 72' lang='lat' dir='ltr'><strong>crassa</strong></span> <span class='ocrx_word' id='word_1_106' title='bbox 2217 1432 2408 1489; x_wconf 86' lang='lat' dir='ltr'><strong>consti-</strong></span> 
     </span>
    </p>
   </div>
   <div class='ocr_carea' id='block_1_5' title="bbox 455 1538 2498 1614">
    <p class='ocr_par' dir='ltr' id='par_1_5' title="bbox 455 1538 2498 1614">
     <span class='ocr_line' id='line_1_14' title="bbox 455 1538 2498 1614; baseline -0.006 -5"><span class='ocrx_word' id='word_1_107' title='bbox 455 1553 573 1613; x_wconf 82' lang='lat' dir='ltr'><strong>tuit.</strong></span> <span class='ocrx_word' id='word_1_108' title='bbox 683 1550 828 1605; x_wconf 83' lang='lat' dir='ltr'><strong>Inter</strong></span> <span class='ocrx_word' id='word_1_109' title='bbox 864 1547 1007 1602; x_wconf 87' lang='lat' dir='ltr'><strong>hanc</strong></span> <span class='ocrx_word' id='word_1_110' title='bbox 1041 1544 1097 1601; x_wconf 74' lang='grc' dir='ltr'><strong>δε</strong></span> <span class='ocrx_word' id='word_1_111' title='bbox 1140 1542 1294 1599; x_wconf 88' lang='lat' dir='ltr'><strong>aliam</strong></span> <span class='ocrx_word' id='word_1_112' title='bbox 1329 1539 1696 1596; x_wconf 76' lang='lat' dir='ltr'><strong>membranam</strong></span> <span class='ocrx_word' id='word_1_113' title='bbox 1735 1538 2035 1594; x_wconf 82' lang='lat' dir='ltr'><strong>tenuiorem</strong></span> <span class='ocrx_word' id='word_1_114' title='bbox 2068 1539 2124 1594; x_wconf 85' lang='lat' dir='ltr'><strong>in</strong></span> <span class='ocrx_word' id='word_1_115' title='bbox 2156 1542 2410 1614; x_wconf 84' lang='lat' dir='ltr'><strong>portione</strong></span> <span class='ocrx_word' id='word_1_116' title='bbox 2494 1599 2498 1602; x_wconf 66' lang='grc'>,</span> 
     </span>
    </p>
   </div>
   <div class='ocr_carea' id='block_1_6' title="bbox 452 1646 2408 1840">
    <p class='ocr_par' dir='ltr' id='par_1_6' title="bbox 452 1646 2408 1840">
     <span class='ocr_line' id='line_1_15' title="bbox 452 1646 2408 1733; baseline -0.011 -16"><span class='ocrx_word' id='word_1_117' title='bbox 452 1660 625 1718; x_wconf 86' lang='lat' dir='ltr'><strong>trunci</strong></span> <span class='ocrx_word' id='word_1_118' title='bbox 646 1659 865 1733; x_wconf 84' lang='lat' dir='ltr'><strong>pinnata</strong></span> <span class='ocrx_word' id='word_1_119' title='bbox 892 1653 1052 1711; x_wconf 81' lang='lat' dir='ltr'><strong>ovula</strong></span> <span class='ocrx_word' id='word_1_120' title='bbox 1074 1651 1352 1706; x_wconf 86' lang='lat' dir='ltr'><strong>innumera</strong></span> <span class='ocrx_word' id='word_1_121' title='bbox 1374 1646 1674 1703; x_wconf 86' lang='lat' dir='ltr'><strong>lutescentia</strong></span> <span class='ocrx_word' id='word_1_122' title='bbox 1704 1663 1927 1722; x_wconf 79' lang='lat' dir='ltr'><strong>granum</strong></span> <span class='ocrx_word' id='word_1_123' title='bbox 1939 1656 2210 1722; x_wconf 74' lang='lat' dir='ltr'><strong>papaveris</strong></span> <span class='ocrx_word' id='word_1_124' title='bbox 2232 1656 2408 1703; x_wconf 80' lang='lat' dir='ltr'><strong>errati-</strong></span> 
     </span>
     <span class='ocr_line' id='line_1_16' title="bbox 455 1753 2407 1840; baseline -0.008 -15"><span class='ocrx_word' id='word_1_125' title='bbox 455 1777 500 1825; x_wconf 74' lang='lat' dir='ltr'><strong>ci</strong></span> <span class='ocrx_word' id='word_1_126' title='bbox 538 1763 910 1840; x_wconf 78' lang='lat' dir='ltr'><strong>magnitudine</strong></span> <span class='ocrx_word' id='word_1_127' title='bbox 946 1778 1063 1816; x_wconf 91' lang='lat' dir='ltr'><strong>non</strong></span> <span class='ocrx_word' id='word_1_128' title='bbox 1112 1755 1382 1831; x_wconf 74' lang='lat' dir='ltr'><strong>aequantia</strong></span> <span class='ocrx_word' id='word_1_129' title='bbox 1425 1756 1480 1810; x_wconf 88' lang='lat' dir='ltr'><strong>in</strong></span> <span class='ocrx_word' id='word_1_130' title='bbox 1521 1754 1728 1829; x_wconf 88' lang='lat' dir='ltr'><strong>liquore</strong></span> <span class='ocrx_word' id='word_1_131' title='bbox 1771 1753 2034 1809; x_wconf 80' lang='lat' dir='ltr'><strong>albicante</strong></span> <span class='ocrx_word' id='word_1_132' title='bbox 2078 1753 2407 1829; x_wconf 85' lang='lat' dir='ltr'><strong>delitescunt,</strong></span> 
     </span>
    </p>
   </div>
   <div class='ocr_carea' id='block_1_7' title="bbox 403 1861 2402 1953">
    <p class='ocr_par' dir='ltr' id='par_1_7' title="bbox 403 1861 2402 1953">
     <span class='ocr_line' id='line_1_17' title="bbox 403 1861 2402 1953; baseline -0.006 -20"><span class='ocrx_word' id='word_1_133' title='bbox 403 1895 406 1917; x_wconf 81' lang='lat'>³</span> <span class='ocrx_word' id='word_1_134' title='bbox 458 1894 580 1953; x_wconf 87' lang='lat' dir='ltr'><strong>quae</strong></span> <span class='ocrx_word' id='word_1_135' title='bbox 601 1871 923 1952; x_wconf 86' lang='lat' dir='ltr'><strong>potiffimum</strong></span> <span class='ocrx_word' id='word_1_136' title='bbox 949 1882 1080 1943; x_wconf 84' lang='lat' dir='ltr'><strong>tunc</strong></span> <span class='ocrx_word' id='word_1_137' title='bbox 1099 1866 1302 1940; x_wconf 88' lang='lat' dir='ltr'><strong>optime</strong></span> <span class='ocrx_word' id='word_1_138' title='bbox 1330 1866 1385 1918; x_wconf 92' lang='lat' dir='ltr'><strong>in</strong></span> <span class='ocrx_word' id='word_1_139' title='bbox 1417 1861 1756 1936; x_wconf 57' lang='lat' dir='ltr'><strong>conspectum</strong></span> <span class='ocrx_word' id='word_1_140' title='bbox 1791 1862 2044 1932; x_wconf 80' lang='lat' dir='ltr'><strong>veniunt,</strong></span> <span class='ocrx_word' id='word_1_141' title='bbox 2088 1861 2218 1919; x_wconf 88' lang='lat' dir='ltr'><strong>dum</strong></span> <span class='ocrx_word' id='word_1_142' title='bbox 2254 1877 2402 1922; x_wconf 87' lang='lat' dir='ltr'><strong>trun-</strong></span> 
     </span>
    </p>
   </div>
   <div class='ocr_carea' id='block_1_8' title="bbox 456 1968 2492 2043">
    <p class='ocr_par' dir='ltr' id='par_1_8' title="bbox 456 1968 2492 2043">
     <span class='ocr_line' id='line_1_18' title="bbox 456 1968 2492 2043; baseline -0.007 0"><span class='ocrx_word' id='word_1_143' title='bbox 456 2002 548 2043; x_wconf 88' lang='lat' dir='ltr'><strong>cus</strong></span> <span class='ocrx_word' id='word_1_144' title='bbox 585 1978 908 2040; x_wconf 80' lang='lat' dir='ltr'><strong>transverfim</strong></span> <span class='ocrx_word' id='word_1_145' title='bbox 943 1978 1157 2033; x_wconf 79' lang='lat' dir='ltr'><strong>secatur.</strong></span> <span class='ocrx_word' id='word_1_146' title='bbox 1231 1970 1553 2027; x_wconf 78' lang='lat' dir='ltr'><strong>Membrana</strong></span> <span class='ocrx_word' id='word_1_147' title='bbox 1592 1968 1674 2026; x_wconf 81' lang='lat' dir='ltr'><strong>illa</strong></span> <span class='ocrx_word' id='word_1_148' title='bbox 1709 1970 1920 2025; x_wconf 87' lang='lat' dir='ltr'><strong>tenuior</strong></span> <span class='ocrx_word' id='word_1_149' title='bbox 1961 1970 2221 2026; x_wconf 77' lang='lat' dir='ltr'><strong>internam</strong></span> <span class='ocrx_word' id='word_1_150' title='bbox 2245 1973 2410 2030; x_wconf 85' lang='lat' dir='ltr'><strong>totius</strong></span> <span class='ocrx_word' id='word_1_151' title='bbox 2490 1979 2492 1983; x_wconf 82' lang='lat'>&#39;</span> 
     </span>
    </p>
   </div>
   <div class='ocr_carea' id='block_1_9' title="bbox 454 2075 2404 2278">
    <p class='ocr_par' dir='ltr' id='par_1_9' title="bbox 454 2075 2404 2278">
     <span class='ocr_line' id='line_1_19' title="bbox 454 2075 2404 2154; baseline -0.007 -4"><span class='ocrx_word' id='word_1_152' title='bbox 454 2093 629 2150; x_wconf 85' lang='lat' dir='ltr'><strong>trunci</strong></span> <span class='ocrx_word' id='word_1_153' title='bbox 651 2089 836 2146; x_wconf 82' lang='lat' dir='ltr'><strong>faciem</strong></span> <span class='ocrx_word' id='word_1_154' title='bbox 867 2084 1102 2153; x_wconf 80' lang='lat' dir='ltr'><strong>investit,</strong></span> <span class='ocrx_word' id='word_1_155' title='bbox 1140 2094 1302 2154; x_wconf 84' lang='lat' dir='ltr'><strong>atque</strong></span> <span class='ocrx_word' id='word_1_156' title='bbox 1324 2095 1513 2133; x_wconf 87' lang='lat' dir='ltr'><strong>cavum</strong></span> <span class='ocrx_word' id='word_1_157' title='bbox 1536 2080 1640 2152; x_wconf 81' lang='lat' dir='ltr'><strong>ejus</strong></span> <span class='ocrx_word' id='word_1_158' title='bbox 1661 2075 1879 2142; x_wconf 83' lang='lat' dir='ltr'><strong>format,</strong></span> <span class='ocrx_word' id='word_1_159' title='bbox 1923 2079 1979 2133; x_wconf 87' lang='lat' dir='ltr'><strong>in</strong></span> <span class='ocrx_word' id='word_1_160' title='bbox 2000 2094 2115 2152; x_wconf 80' lang='lat' dir='ltr'><strong>quo</strong></span> <span class='ocrx_word' id='word_1_161' title='bbox 2135 2091 2321 2152; x_wconf 80' lang='lat' dir='ltr'><strong>praeter</strong></span> <span class='ocrx_word' id='word_1_162' title='bbox 2343 2098 2404 2138; x_wconf 87' lang='lat' dir='ltr'><strong>os</strong></span> 
     </span>
     <span class='ocr_line' id='line_1_20' title="bbox 454 2184 2404 2278; baseline -0.007 -21"><span class='ocrx_word' id='word_1_163' title='bbox 454 2198 734 2278; x_wconf 79' lang='lat' dir='ltr'><strong>quoddam</strong></span> <span class='ocrx_word' id='word_1_164' title='bbox 754 2193 1028 2263; x_wconf 78' lang='lat' dir='ltr'><strong>lutescens‚</strong></span> <span class='ocrx_word' id='word_1_165' title='bbox 1047 2205 1149 2248; x_wconf 85' lang='lat' dir='ltr'><strong>tres</strong></span> <span class='ocrx_word' id='word_1_166' title='bbox 1170 2188 1273 2243; x_wconf 87' lang='lat' dir='ltr'><strong>fere</strong></span> <span class='ocrx_word' id='word_1_167' title='bbox 1303 2185 1414 2243; x_wconf 85' lang='lat' dir='ltr'><strong>cavi</strong></span> <span class='ocrx_word' id='word_1_168' title='bbox 1441 2198 1610 2259; x_wconf 81' lang='lat' dir='ltr'><strong>partes</strong></span> <span class='ocrx_word' id='word_1_169' title='bbox 1632 2200 1923 2258; x_wconf 79' lang='lat' dir='ltr'><strong>occupans,</strong></span> <span class='ocrx_word' id='word_1_170' title='bbox 1943 2186 2073 2242; x_wconf 88' lang='lat' dir='ltr'><strong>nihil</strong></span> <span class='ocrx_word' id='word_1_171' title='bbox 2094 2184 2152 2241; x_wconf 87' lang='lat' dir='ltr'><strong>in</strong></span> <span class='ocrx_word' id='word_1_172' title='bbox 2184 2185 2404 2263; x_wconf 84' lang='lat' dir='ltr'><strong>conspe·</strong></span> 
     </span>
    </p>
   </div>
   <div class='ocr_carea' id='block_1_10' title="bbox 390 2307 778 2367">
    <p class='ocr_par' dir='ltr' id='par_1_10' title="bbox 390 2307 778 2367">
     <span class='ocr_line' id='line_1_21' title="bbox 390 2307 778 2367; baseline -0.021 1"><span class='ocrx_word' id='word_1_173' title='bbox 390 2337 401 2345; x_wconf 43' lang='lat'><strong>1&lt;</strong></span> <span class='ocrx_word' id='word_1_174' title='bbox 455 2310 597 2367; x_wconf 67' lang='lat' dir='ltr'><strong>&amp;um</strong></span> <span class='ocrx_word' id='word_1_175' title='bbox 620 2307 778 2364; x_wconf 84' lang='lat' dir='ltr'><strong>venit.</strong></span> 
     </span>
    </p>
   </div>
   <div class='ocr_carea' id='block_1_11' title="bbox 188 2437 408 2508">
    <p class='ocr_par' dir='ltr' id='par_1_11' title="bbox 188 2437 408 2508">
     <span class='ocr_line' id='line_1_22' title="bbox 188 2437 408 2508; baseline -0.009 -19"><span class='ocrx_word' id='word_1_176' title='bbox 188 2443 338 2508; x_wconf 59' lang='lat' dir='ltr'><strong>Figura</strong></span> <span class='ocrx_word' id='word_1_177' title='bbox 363 2437 408 2487; x_wconf 81' lang='lat'><strong>6.</strong></span> 
     </span>
    </p>
   </div>
   <div class='ocr_carea' id='block_1_12' title="bbox 455 2396 2410 2802">
    <p class='ocr_par' dir='ltr' id='par_1_12' title="bbox 455 2396 2410 2802">
     <span class='ocr_line' id='line_1_23' title="bbox 712 2396 2404 2481; baseline -0.009 -10"><span class='ocrx_word' id='word_1_178' title='bbox 712 2414 794 2470; x_wconf 83' lang='lat' dir='ltr'><strong>Os</strong></span> <span class='ocrx_word' id='word_1_179' title='bbox 817 2410 986 2468; x_wconf 85' lang='lat' dir='ltr'><strong>hocce</strong></span> <span class='ocrx_word' id='word_1_180' title='bbox 1008 2407 1147 2464; x_wconf 84' lang='lat' dir='ltr'><strong>duos</strong></span> <span class='ocrx_word' id='word_1_181' title='bbox 1164 2402 1375 2481; x_wconf 85' lang='lat' dir='ltr'><strong>pollices</strong></span> <span class='ocrx_word' id='word_1_182' title='bbox 1397 2398 1454 2457; x_wconf 75' lang='grc' dir='ltr'><strong>δε</strong></span> <span class='ocrx_word' id='word_1_183' title='bbox 1479 2396 1676 2472; x_wconf 82' lang='lat' dir='ltr'><strong>septem</strong></span> <span class='ocrx_word' id='word_1_184' title='bbox 1698 2397 1860 2456; x_wconf 84' lang='lat' dir='ltr'><strong>lineas</strong></span> <span class='ocrx_word' id='word_1_185' title='bbox 1883 2399 1937 2454; x_wconf 87' lang='lat' dir='ltr'><strong>in</strong></span> <span class='ocrx_word' id='word_1_186' title='bbox 1962 2414 2078 2455; x_wconf 91' lang='lat' dir='ltr'><strong>non</strong></span> <span class='ocrx_word' id='word_1_187' title='bbox 2100 2398 2253 2457; x_wconf 88' lang='lat' dir='ltr'><strong>nullis</strong></span> <span class='ocrx_word' id='word_1_188' title='bbox 2278 2405 2404 2457; x_wconf 86' lang='lat' dir='ltr'><strong>Pen-</strong></span> 
     </span>
     <span class='ocr_line' id='line_1_24' title="bbox 455 2484 2407 2600; baseline -0.014 -15"><span class='ocrx_word' id='word_1_189' title='bbox 455 2535 528 2586; x_wconf 80' lang='lat' dir='ltr'><strong>m‘s</strong></span> <span class='ocrx_word' id='word_1_190' title='bbox 560 2526 783 2600; x_wconf 79' lang='lat' dir='ltr'><strong>longum</strong></span> <span class='ocrx_word' id='word_1_191' title='bbox 809 2522 909 2591; x_wconf 85' lang='lat' dir='ltr'><strong>est,</strong></span> <span class='ocrx_word' id='word_1_192' title='bbox 947 2515 1220 2574; x_wconf 80' lang='lat' dir='ltr'><strong>dimidiam</strong></span> <span class='ocrx_word' id='word_1_193' title='bbox 1248 2526 1340 2569; x_wconf 85' lang='lat' dir='ltr'><strong>aut</strong></span> <span class='ocrx_word' id='word_1_194' title='bbox 1362 2511 1519 2566; x_wconf 84' lang='lat' dir='ltr'><strong>etiam</strong></span> <span class='ocrx_word' id='word_1_195' title='bbox 1553 2508 1813 2580; x_wconf 83' lang='lat' dir='ltr'><strong>integram</strong></span> <span class='ocrx_word' id='word_1_196' title='bbox 1838 2508 2028 2565; x_wconf 87' lang='lat' dir='ltr'><strong>lineam</strong></span> <span class='ocrx_word' id='word_1_197' title='bbox 2064 2484 2306 2580; x_wconf 76' lang='lat' dir='ltr'><strong>crassum,</strong></span> <span class='ocrx_word' id='word_1_198' title='bbox 2351 2509 2407 2565; x_wconf 86' lang='lat' dir='ltr'><strong>in</strong></span> 
     </span>
     <span class='ocr_line' id='line_1_25' title="bbox 459 2612 2408 2707; baseline -0.01 -16"><span class='ocrx_word' id='word_1_199' title='bbox 459 2631 640 2692; x_wconf 86' lang='lat' dir='ltr'><strong>medio</strong></span> <span class='ocrx_word' id='word_1_200' title='bbox 665 2623 1124 2707; x_wconf 82' lang='lat' dir='ltr'><strong>quadrangulum,</strong></span> <span class='ocrx_word' id='word_1_201' title='bbox 1165 2642 1211 2677; x_wconf 82' lang='lat' dir='ltr'><strong>a.</strong></span> <span class='ocrx_word' id='word_1_202' title='bbox 1241 2612 1411 2677; x_wconf 61' lang='lat' dir='ltr'><strong>Versus</strong></span> <span class='ocrx_word' id='word_1_203' title='bbox 1442 2629 1723 2689; x_wconf 83' lang='lat' dir='ltr'><strong>utramque</strong></span> <span class='ocrx_word' id='word_1_204' title='bbox 1759 2614 2136 2670; x_wconf 80' lang='lat' dir='ltr'><strong>extremitatem</strong></span> <span class='ocrx_word' id='word_1_205' title='bbox 2173 2627 2306 2672; x_wconf 83' lang='lat' dir='ltr'><strong>teres</strong></span> <span class='ocrx_word' id='word_1_206' title='bbox 2347 2615 2408 2672; x_wconf 86' lang='lat'>&amp;</span> 
     </span>
     <span class='ocr_line' id='line_1_26' title="bbox 461 2722 2410 2802; baseline -0.015 -3"><span class='ocrx_word' id='word_1_207' title='bbox 461 2740 616 2802; x_wconf 84' lang='lat' dir='ltr'><strong>valde</strong></span> <span class='ocrx_word' id='word_1_208' title='bbox 641 2749 988 2796; x_wconf 82' lang='lat' dir='ltr'><strong>attenuatum.</strong></span> <span class='ocrx_word' id='word_1_209' title='bbox 1074 2730 1314 2788; x_wconf 87' lang='lat' dir='ltr'><strong>Tenuior</strong></span> <span class='ocrx_word' id='word_1_210' title='bbox 1337 2739 1574 2784; x_wconf 81' lang='lat' dir='ltr'><strong>attamen</strong></span> <span class='ocrx_word' id='word_1_211' title='bbox 1597 2723 1667 2780; x_wconf 89' lang='lat' dir='ltr'><strong>est</strong></span> <span class='ocrx_word' id='word_1_212' title='bbox 1690 2722 1771 2779; x_wconf 81' lang='lat' dir='ltr'><strong>illa</strong></span> <span class='ocrx_word' id='word_1_213' title='bbox 1797 2723 2121 2793; x_wconf 85' lang='lat' dir='ltr'><strong>extremitas,</strong></span> <span class='ocrx_word' id='word_1_214' title='bbox 2161 2740 2281 2797; x_wconf 84' lang='lat' dir='ltr'><strong>quae</strong></span> <span class='ocrx_word' id='word_1_215' title='bbox 2298 2727 2410 2799; x_wconf 77' lang='lat' dir='ltr'><strong>api.</strong></span> 
     </span>
    </p>
   </div>
   <div class='ocr_carea' id='block_1_13' title="bbox 465 2829 2409 3001">
    <p class='ocr_par' dir='ltr' id='par_1_13' title="bbox 465 2829 2409 3001">
     <span class='ocr_line' id='line_1_27' title="bbox 465 2829 2409 2920; baseline -0.011 -11"><span class='ocrx_word' id='word_1_216' title='bbox 465 2869 581 2910; x_wconf 88' lang='lat' dir='ltr'><strong>cem</strong></span> <span class='ocrx_word' id='word_1_217' title='bbox 605 2844 775 2904; x_wconf 88' lang='lat' dir='ltr'><strong>trunci</strong></span> <span class='ocrx_word' id='word_1_218' title='bbox 798 2844 1003 2920; x_wconf 84' lang='lat' dir='ltr'><strong>pinnati</strong></span> <span class='ocrx_word' id='word_1_219' title='bbox 1032 2838 1245 2915; x_wconf 85' lang='lat' dir='ltr'><strong>respicit.</strong></span> <span class='ocrx_word' id='word_1_220' title='bbox 1323 2834 1534 2893; x_wconf 89' lang='lat' dir='ltr'><strong>Totum</strong></span> <span class='ocrx_word' id='word_1_221' title='bbox 1565 2850 1627 2891; x_wconf 86' lang='lat' dir='ltr'><strong>os</strong></span> <span class='ocrx_word' id='word_1_222' title='bbox 1666 2830 1978 2891; x_wconf 84' lang='lat' dir='ltr'><strong>membrana</strong></span> <span class='ocrx_word' id='word_1_223' title='bbox 2003 2831 2211 2901; x_wconf 77' lang='lat' dir='ltr'><strong>¹tenuis,</strong></span> <span class='ocrx_word' id='word_1_224' title='bbox 2253 2829 2409 2888; x_wconf 68' lang='lat' dir='ltr'><strong>lutei-&#39;-</strong></span> 
     </span>
     <span class='ocr_line' id='line_1_28' title="bbox 2187 2955 2326 3001; baseline 0 -7"><span class='ocrx_word' id='word_1_225' title='bbox 2187 2955 2326 3001; x_wconf 87' lang='lat' dir='ltr'><strong>cens,</strong></span> 
     </span>
    </p>
   </div>
   <div class='ocr_carea' id='block_1_14' title="bbox 595 3075 1570 3142">
    <p class='ocr_par' dir='ltr' id='par_1_14' title="bbox 595 3075 1570 3142">
     <span class='ocr_line' id='line_1_29' title="bbox 595 3075 1570 3142; baseline -0.012 -14"><span class='ocrx_word' id='word_1_226' title='bbox 595 3083 667 3142; x_wconf 79' lang='lat'><strong>(⁸&#39;)</strong></span> <span class='ocrx_word' id='word_1_227' title='bbox 696 3084 963 3138; x_wconf 74' lang='lat' dir='ltr'><strong>Minci-alogia.</strong></span> <span class='ocrx_word' id='word_1_228' title='bbox 986 3096 1023 3137; x_wconf 85' lang='lat' dir='ltr'><strong>p.</strong></span> <span class='ocrx_word' id='word_1_229' title='bbox 1056 3089 1147 3133; x_wconf 83' lang='lat'>193.</span> <span class='ocrx_word' id='word_1_230' title='bbox 1176 3079 1264 3121; x_wconf 86' lang='lat' dir='ltr'><strong>edit.</strong></span> <span class='ocrx_word' id='word_1_231' title='bbox 1293 3075 1417 3119; x_wconf 78' lang='lat' dir='ltr'><strong>Berol.</strong></span> <span class='ocrx_word' id='word_1_232' title='bbox 1450 3086 1570 3131; x_wconf 83' lang='lat'><em>1750.</em></span> 
     </span>
    </p>
   </div>
  </div>
 </body>
</html>
