2513 3435
152 682 490 761 strunurae
515 677 702 749 haud
731 671 1335 765 correspondentes
1365 668 1631 760 sigum,
1693 687 2003 738 necnon
2046 665 2386 739 succinfiae

153 785 514 858 duntaxat,
562 777 924 864 minusque
953 784 1271 838 accuratae
1301 763 1780 853 descriptiones
1820 761 1893 830 in
1926 764 2218 833 aliorum
2249 761 2389 832 Au-

160 875 426 946 &orum
465 869 720 957 scriptis
751 882 997 935 extant.

407 967 643 1034 leones
673 960 918 1029 tabulis
951 955 1148 1025 aeneis
1177 950 1389 1021 incisae
1424 949 1608 1036 sunt,
1667 951 1854 1038 juxta
1898 948 2389 1021 delineationes

160 1063 354 1152 super
383 1060 552 1130 vivis
588 1052 988 1124 animalibus
1017 1048 1310 1139 propriis
1365 1044 1702 1114 manubus
1744 1041 1970 1112 fatias„
2063 1042 2141 1110 ln
2183 1043 2393 1110 dime-

155 1155 404 1226 tiendis
450 1148 851 1221 animalibus
892 1166 1093 1224 vem,
1147 1162 1273 1208 nec
1319 1162 1465 1208 non
1509 1160 1750 1206 eorum
1794 1133 2097 1225 partibus
2146 1136 2392 1224 pedem

153 1246 574 1319 Parifiensem
604 1240 907 1311 adhibui.
1005 1238 1183 1305 Cum
1216 1233 1349 1322 ipsa
1381 1233 1730 1313 animalia,
1790 1247 1934 1297 tum
1972 1250 2212 1297 eorum
2242 1250 2391 1317 par-

156 1362 296 1424 tes,
352 1355 682 1432 quantum
729 1336 875 1402 fieri
913 1345 1214 1421 poterat,
1268 1329 1339 1395 in
1387 1326 1678 1394 naturali
1718 1324 2193 1413 magnitudine
2236 1321 2392 1390 defi·

158 1437 403 1529 gnavi,
458 1450 534 1499 ut
567 1452 650 1498 eo
687 1430 926 1496 clarius
959 1424 1375 1514 fingulorum
1405 1419 1633 1486 forma
1662 1418 1873 1485 oculis
1914 1415 2343 1504 objiceretur.

412 1523 862 1610 Microscopio
908 1522 980 1587 in
1025 1516 1350 1584 rimandis
1393 1510 1810 1579 minutiebus
1862 1509 2015 1578 usus
2065 1531 2210 1577 non
2250 1509 2394 1580 sum

161 1646 243 1692 ex
274 1642 392 1703 en,
450 1617 638 1709 quod
666 1616 927 1683 nullum
959 1632 1227 1679 meeum
1262 1607 1601 1675 attulerim
1624 1660 1643 1685 ,
1698 1626 1842 1671 non
1882 1604 2253 1691 praevidens
2282 1622 2393 1669 me

163 1714 496 1805 ejusmodi
526 1709 1031 1778 observationes
1063 1701 1422 1771 fasturum.
1470 1700 1792 1766 Praeterea
1824 1714 2050 1764 autem
2078 1698 2393 1764 omnium

162 1812 458 1901 partium
489 1802 1106 1893 configurationem
1131 1796 1239 1864 vel
1269 1794 1460 1861 nudo
1506 1793 1614 1859 vel
1654 1793 1835 1858 lente
1878 1807 2141 1858 armato
2186 1789 2392 1856 oculo

164 1906 423 1992 optime
475 1899 678 1966 talem
743 1894 1115 1961 discernere
1169 1889 1406 1976 potui,
1476 1886 1742 1975 qualem
1811 1883 2048 1973 figuris
2103 1880 2396 1970 expreffi.

163 1999 395 2093 Qare
426 2013 512 2060 ne
547 1992 798 2057 mirum
829 1987 1119 2073 cuipiam
1159 1982 1470 2050 videatur
1491 2034 1509 2059 ,
1567 1976 1753 2067 quod
1788 1976 2125 2043 tentacula
2148 1979 2398 2057 Pennae

164 2106 413 2182 quartae
439 2108 479 2154 a
511 2106 620 2152 me
665 2083 998 2149 delineata
1025 2078 1317 2143 multum
1349 2071 1667 2140 differant
1701 2068 1785 2137 ab
1813 2070 1927 2150 iis,
1958 2091 2100 2158 quae
2129 2070 2234 2136 alii
2273 2088 2398 2134 no-

161 2185 268 2253 bis
299 2178 730 2270 proposuere.
799 2172 1097 2240 Forfitan
1130 2166 1600 2253 miscroscopio
1641 2162 1990 2231 observata
2017 2163 2172 2230 talia
2199 2182 2394 2249 appa-

164 2294 355 2357 rent,
412 2272 632 2364 qualia
681 2291 719 2336 a
757 2266 1144 2335 SCHEFFERO
1193 2263 1380 2348 juxta
1423 2258 1865 2325 MARSIGLIUM
1904 2271 2140 2322 notata
2193 2253 2401 2322 habe-

165 2391 354 2456 mus3
455 2364 644 2434 nudo
683 2378 984 2429 attamen
1010 2357 1211 2424 oculo
1258 2352 1702 2430 confidemta,
1753 2350 1911 2429 alia,
1964 2370 2166 2437 quam
2214 2348 2395 2427 dedi,

166 2464 393 2532 forma
427 2453 744 2525 instrueta
771 2475 915 2520 non
945 2451 1111 2517 sunt.
1207 2446 1277 2516 Si
1322 2448 1550 2535 itaque
1593 2442 1858 2511 labores
1885 2440 2101 2508 hosce
2146 2442 2401 2530 quales-

167 2575 434 2646 cunque
463 2571 653 2619 meos
689 2545 1008 2615 omnibus
1045 2542 1345 2610 numeris
1376 2538 1718 2607 absolutos
1752 2556 1896 2602 non
1941 2536 2283 2601 inveneris
2330 2533 2398 2600 Β.

167 2648 528 2720 L.veniam
564 2643 669 2722 da,
701 2657 904 2729 atque
938 2634 1278 2704 defeetum
1306 2634 1615 2722 inquieto
1643 2647 1954 2716 tempore
1982 2627 2143 2694 belli
2167 2628 2400 2694 animo

137 2799 140 2804 .
169 2735 1027 2830 impute8,perpendasque‚
1046 2729 1233 2819 quod
1262 2748 1383 2815 per
1419 2722 1902 2814 quadrimestre
1929 2720 2234 2808 spatium,
2267 2740 2407 2809 quo

170 2857 352 2907 anno
391 2849 598 2922 1757.
623 2827 917 2915 Neapoli
944 2844 1205 2890 moram
1236 2821 1442 2899 traxi,
1499 2837 1737 2884 omnes
1769 2813 2152 2881 neceffarias
2184 2812 2403 2882 obier-

316 2928 646 3005 vationes,
685 2937 762 2989 ut
793 2936 868 2987 ut
901 2916 1138 2984 lubens
1169 2914 1380 2993 volui,
1416 2910 1606 2999 super
1638 2905 2041 2977 animalibus
2069 2908 2258 2975 mari-

764 3014 865 3081 nis
892 3011 1237 3079 instituere
1263 3027 1408 3074 non
1444 3003 1807 3093 potuerim.
