2513 3435
856 145 949 202 Dr.
1003 145 1303 203 Sr‘rciNorss
1991 170 2053 218 95

373 268 556 325 Unum
578 282 699 322 cum
726 263 945 323 dimidio
971 268 1160 339 pollice
1185 269 1252 325 ab
1274 286 1367 325 ore
1389 275 1674 340 appertura
1697 287 1743 324 a.
1782 268 1923 324 adest
1960 271 2056 326 ob-
2077 267 2221 332 Figura
2248 278 2291 327 ἲ·

116 376 282 452 longa
327 378 468 433 labio
502 373 813 448 prominulo
848 375 887 429 b.
940 392 1033 431 ceu
1070 375 1361 448 sphinclere
1399 376 1562 431 cineta
1603 375 1924 433 transverfim
1956 378 2058 433 fita.

116 484 243 540 Haec
266 496 445 540 utrum
467 483 521 537 in
540 492 723 538 ventre
758 478 838 537 vel
876 479 1034 536 dorso
1072 482 1130 538 fit
1166 481 1312 538 haud
1345 482 1690 538 determinare
1724 501 1898 556 que0,
1938 502 2060 541 cum

113 589 378 646 uniforme
399 589 453 645 sit
477 602 653 645 toturn
678 587 913 645 animalis
943 607 1148 663 corpus.
1231 590 1367 646 Illud
1396 603 1642 664 praeterea
1666 606 1765 663 pro
1792 601 1938 647 certo
1962 591 2059 647 sta-

114 709 259 753 tuere
283 715 398 754 non
416 695 654 769 poss'um,
696 713 766 751 an
787 693 1004 768 praefata
1030 709 1306 771 appertura
1333 714 1491 767 anus,
1537 715 1605 754 an
1629 714 1756 754 vero
1788 696 1942 756 vulva
1964 697 2056 754 sit?

113 822 278 861 anum
301 816 535 860 attamen
558 801 614 858 &
644 819 991 858 communem
1026 820 1124 883 pro
1158 804 1322 859 ovarii
1358 804 1499 858 exitu
1541 806 1677 859 viam
1721 801 1815 859 effe
1858 804 2058 861 inficias

112 926 229 967 non
250 911 402 966 irem:
425 929 592 985 quum
619 927 797 982 neque
819 911 875 965 in
896 908 1042 977 apice
1063 907 1315 984 sphaerico
1337 927 1512 984 neque
1526 908 1649 966 alibi
1674 908 1824 966 ullius
1848 908 2059 968 forami-

109 1018 189 1076 nis
215 1018 484 1092 vestigium
507 1018 657 1073 omni
679 1016 921 1072 adhibita
946 1015 1218 1089 diligentia
1243 1018 1486 1091 detegere
1511 1017 1793 1088 potuerim.

372 1125 576 1203 Totum
605 1124 768 1179 nostri
790 1123 1013 1199 Zoophyti
1035 1139 1227 1195 corpus
1254 1142 1313 1180 ex
1338 1125 1462 1180 albo
1492 1123 1740 1181 lutescens
1763 1125 1861 1196 est,
1904 1125 2056 1200 quod

111 1232 238 1288 striae
263 1229 712 1304 longintudinales
740 1230 797 1286 &
822 1230 933 1291 aliae
959 1229 1227 1288 circulares
1254 1229 1535 1306 profundae
1559 1212 1838 1291 exornant.
1907 1236 2056 1292 Striae

111 1337 519 1413 longitudinales
541 1337 802 1408 mediam,
845 1338 1117 1396 circulares
1137 1342 1264 1394 vero
1290 1355 1453 1397 unam
1485 1338 1673 1393 lineam
1703 1357 1731 1394 a
1763 1338 2055 1397 seinvicem

112 1445 335 1516 distant,
375 1446 506 1499 inter
530 1463 660 1519 quas
685 1446 815 1500 cutis
851 1443 945 1501 sub
988 1443 1160 1500 forma
1193 1443 1441 1518 oblongo
1479 1445 1738 1519 quadrata
1769 1448 2054 1521 prominet³

110 1564 273 1627 atque
293 1564 469 1609 totum
496 1567 688 1623 corpus
711 1552 1041 1607 reticulatum
1070 1551 1154 1606 est.

369 1659 586 1714 Motum
611 1663 789 1729 Syrinx
818 1658 1048 1716 eundern
1073 1677 1133 1714 ac
1154 1660 1332 1730 Hydra
1366 1658 1557 1733 habet,
1599 1659 1770 1720 modo
1806 1662 1944 1717 enim
1985 1662 2055 1720 ad

113 1766 266 1820 unius
291 1762 395 1821 fere
423 1764 567 1839 pedis
596 1764 988 1839 longitudinem
1015 1766 1342 1836 extenditur,
1369 1766 1538 1822 modo
1563 1769 1764 1823 veroin
1789 1769 2053 1828 minorem

112 1872 310 1931 molem
353 1871 712 1944 contrahitur,
737 1871 1046 1944 ampliando
1072 1873 1427 1947 angustiorem
1469 1875 1707 1950 corporis
1746 1876 2056 1948 portionem

106 1993 278 2053 prope
303 1980 504 2054 apicem
531 1978 890 2053 sphaericums
940 1974 1238 2056 Nunquam
1274 1994 1453 2045 tamen
1485 1981 1542 2038 in
1574 1981 1798 2057 globum
1829 1985 2052 2043 ard-{latur

109 2086 270 2145 veluti
299 2088 525 2160 &ciram
549 2083 719 2142 facere
753 2087 984 2143 memini.
1065 2147 1072 2153 Δ
1928 2089 1933 2100 ’

113 2247 138 2267 ‚
371 2194 434 2248 In
457 2191 623 2247 altiori
657 2193 785 2248 mari
823 2193 995 2266 degit,
1036 2192 1183 2250 unde
1222 2209 1504 2268 nunquam
1531 2196 1586 2251 in
1625 2196 1801 2252 littora
1843 2199 2056 2270 ejicitur,

110 2296 197 2355 sed
226 2298 556 2373 quandoque
579 2316 699 2355 cum
722 2299 826 2355 aliis
848 2297 1073 2376 piscibus
1091 2301 1218 2355 retia
1243 2301 1418 2359 intrat.
1501 2302 1548 2358 A
1577 2304 1789 2362 nemine
1822 2306 2057 2363 incibum

112 2418 356 2470 vocatur,
399 2423 575 2483 neque
600 2404 764 2463 ullum
787 2406 974 2478 alium,
1017 2420 1280 2482 quantum
1317 2407 1596 2484 piscatores
1630 2425 1862 2483 norunt,
1906 2412 2053 2471 usum

112 2511 291 2569 habet.

851 2641 861 2649 ’
949 2665 1014 2755 55·
1093 2664 1219 2734 111.

95 2825 478 2983 (Quaenam
501 2827 558 2886 fit
582 2832 712 2890 novi
739 2829 949 2904 hujuste
971 2831 1307 2907 Zoophytorum
1334 2830 1536 2907 generis
1572 2831 1896 2889 internarum
1932 2848 2052 2905 par-

308 2936 442 2991 tium
466 2954 780 3013 compages,
820 2937 1005 2995 referre
1029 2955 1146 2995 non
1183 2938 1360 2996 valeo:
1404 2957 1555 3010 cum,
1596 2952 1655 2996 ut
1689 2941 1831 3012 prius
1866 2942 2048 2996 memi-

1901 3049 1974 3117 ni,
