2513 3435
924 139 1021 198 Dr
1076 136 1326 195 HYDRA.
2024 157 2091 216 39

142 276 350 341 ceptam
374 262 441 321 de
468 258 793 339 parturiendi
821 259 994 318 modo
1019 260 1333 334 opinionem
1355 263 1536 338 rejeci,
1577 271 1739 335 atque
1775 262 1921 319 hunc
1948 263 2091 320 aliter

144 372 252 432 fieri
274 371 552 447 suspicatus
577 369 707 427 sum.
772 366 1045 453 Nimirum
1067 385 1189 425 cum
1212 369 1456 425 ovarium
1478 369 1643 424 unico
1668 379 1861 424 trunco
1886 370 1943 424 in
1964 369 2091 426 aeso-

144 479 385 554 phagum
419 478 468 535 se
497 475 745 534 infertum
775 487 888 545 eat,
940 455 1073 548 quid
1105 473 1138 529 si
1170 487 1413 548 tempore
1451 479 1631 549 partus
1664 476 1907 533 ovarium
1942 475 2089 534 hunc

143 587 528 662 ingrederetur,
565 596 726 657 atque
749 582 872 640 inde
899 599 990 657 per
1013 598 1092 652 OS,
1115 581 1425 639 inconsueta
1447 581 1566 639 licet
1592 581 1693 653 via,
1737 582 2088 660 ejacularetur.

398 693 525 749 Haec
550 690 671 747 sane
700 692 893 765 opinio
922 690 1062 746 hanc
1101 690 1156 744 in
1192 707 1362 763 usque
1405 690 1544 746 diem
1587 689 1917 764 probabilior
1959 691 2089 747 mihi

142 797 377 881 videtur,
416 816 538 857 curn
562 799 687 873 quia
715 796 990 854 communi
1012 808 1217 853 naturae
1240 794 1353 867 lege
1376 798 1615 853 ovarium
1641 814 1758 853 non
1792 798 1978 870 procul
2018 799 2086 856 ab

139 908 281 962 exitu
303 905 398 962 suo
418 907 474 962 in
497 904 800 962 animalium
821 920 1051 976 corpore
1079 901 1407 968 collocatur3
1450 916 1566 960 tum
1591 921 1718 962 vero
1741 906 1865 979 quia
1888 923 1979 980 per
2011 923 2088 961 re-

137 1013 347 1088 liquum
370 1013 738 1070 intestinorum
757 1011 986 1068 tractum
1011 1010 1087 1068 ob
1109 1008 1301 1067 faecum
1328 1010 1722 1070 multitudinem
1743 1014 1880 1070 exire
1903 1013 2085 1088 nequi·

138 1135 247 1194 ret,
287 1136 450 1198 atque
471 1120 547 1177 ob
573 1137 753 1179 earum
777 1118 1102 1193 asperitatem
1126 1115 1272 1174 facile
1296 1118 1584 1176 laederetur.

392 1229 511 1288 Sive
534 1244 661 1286 vero
689 1226 837 1284 hunc
855 1226 954 1283 five
977 1226 1364 1300 praecedentem
1402 1238 1494 1283 aut
1529 1227 1761 1303 denique
1792 1227 1955 1285 alium
1981 1233 2086 1301 Hy-

138 1338 234 1391 drae
254 1336 577 1409 parturiendi
598 1335 827 1394 modum
847 1352 1029 1392 verum
1056 1333 1150 1392 esse
1186 1333 1467 1393 docuerint
1503 1335 1728 1393 aliorum
1763 1334 1952 1392 ledulae
1983 1336 2086 1394 hac

136 1444 196 1499 in
214 1460 271 1498 re
294 1440 623 1499 instituendae
644 1442 1068 1515 observationes3
1106 1442 1306 1499 summe
1327 1455 1564 1500 attamen
1593 1444 1790 1520 semper
1814 1441 2081 1500 admiran-

137 1549 208 1606 da
245 1563 405 1626 atque
440 1548 661 1606 fortaffis
695 1550 862 1625 impar
896 1551 1137 1609 manebit
1172 1550 1287 1606 haec
1330 1564 1533 1609 naturae
1577 1550 1876 1626 dispofitio,
1930 1548 2097 1626 quod

135 1656 416 1732 quoddam
438 1656 631 1719 animal
657 1659 778 1715 iana
806 1671 968 1734 atque
997 1658 1199 1732 integra
1221 1658 1426 1732 viscera,
1451 1657 1715 1735 superstite
1735 1675 1832 1734 per
1851 1657 2082 1732 plurium

136 1764 394 1823 horarum
415 1765 636 1843 spatium
658 1771 782 1838 vita,
805 1786 834 1823 c
855 1783 1080 1841 corpore
1104 1765 1285 1841 ejiciat.
1564 1767 1568 1769 ’

959 1917 1025 2005 §·
1094 1914 1258 1984 VII.

138 2084 480 2239 Enarrato
503 2081 745 2156 singulari
769 2093 933 2156 atque
968 2081 1268 2139 admodum
1306 2082 1443 2139 miro
1477 2086 1658 2155 hydrae
1693 2082 1729 2141 fi
1761 2099 1878 2140 non
1910 2096 2085 2159 partu-
2105 2095 2223 2145 TAss.
2246 2094 2348 2148 VII.

300 2190 465 2246 riendi
499 2188 676 2246 saltem
711 2189 974 2246 moriendi
1009 2189 1218 2262 modo,
1261 2190 1521 2265 reliquum
1552 2193 1646 2249 est:
1687 2205 1745 2249 ut
1781 2191 2083 2250 ulteriorem
2104 2166 2251 2232 Figura
2276 2179 2317 2214 ¹⁰

135 2302 242 2373 ejus
266 2298 570 2355 struduram
596 2314 876 2371 exponam.
957 2299 1133 2376 Qod
1155 2297 1304 2355 haud
1322 2299 1499 2372 inepte
1520 2300 1811 2376 praestabO,
1851 2302 1884 2359 fi
1911 2319 1940 2357 a
1967 2313 2084 2357 cute

134 2407 342 2464 initium
369 2405 558 2464 fecero.
639 2406 726 2462 Est
750 2407 864 2464 haec
891 2406 1022 2464 duas
1047 2407 1207 2463 lineas
1233 2404 1419 2478 crassa,
1457 2406 1492 2463 fi
1529 2410 1585 2466 in
1619 2421 1838 2468 mortuo
1871 2408 2083 2466 animali

136 2514 492 2587 discindatur,
531 2531 696 2570 unam
719 2533 846 2572 vero
873 2515 1065 2572 lineam
1092 2513 1306 2572 craffitie
1329 2532 1445 2572 non
1472 2517 1709 2587 excedit,
1750 2515 1881 2573 dum
1907 2520 2083 2575 viven-

135 2634 187 2678 te
209 2625 384 2695 Hydra
409 2622 465 2679 &
494 2623 706 2680 exoretis
727 2622 976 2681 intestinis
1000 2622 1285 2682 dissecatur.
1357 2623 1437 2680 Ex
1459 2625 1746 2681 innumeris
1780 2624 1923 2683 fibris
1956 2643 2081 2683 can-

132 2730 271 2786 didis
297 2731 598 2788 tendineam
623 2731 1006 2789 confistentiam
1040 2730 1363 2789 habentibus
1396 2730 1670 2806 compacta
1699 2734 1798 2803 est,
1838 2750 1959 2807 quae
1994 2752 2081 2791 va-

137 2838 271 2893 rium
295 2840 348 2895 in
371 2839 596 2897 modum
619 2839 669 2896 se
692 2840 914 2900 invicem
937 2837 1278 2927 intersecant,
1321 2839 1698 2919 &irregulares
1724 2842 1925 2900 cellulas
1945 2840 2082 2898 efor-

138 2958 302 3001 mant.
1623 2989 1627 2991 r

1119 3058 1182 3114 M
1949 3056 2012 3111 In
