2513 3435
420 127 489 190 14'
637 132 649 139 ⁸
1166 159 1169 162 .
1247 105 1473 167 CAPUT
1516 105 1559 165 L

667 236 836 296 Ortus
861 233 1078 312 quidem
1101 228 1157 289 δε
1177 228 1390 289 insertio
1415 230 1614 288 horum
1634 227 2047 306 ligamentorum
2076 231 2255 308 primo
2286 234 2368 292 in-

407 347 551 406 tuitu
578 348 635 408 in
659 363 775 403 eam
809 362 894 400 me
924 339 1148 399 deduxit
1182 340 1525 413 opinionem:
1573 339 1727 413 quod
1761 338 1946 397 ductus
1983 341 2255 397 excretorii
2291 338 2365 419 es-

321 487 326 495 -
408 454 551 525 sent,
591 471 622 509 a
667 463 857 510 natura
895 451 1080 510 nostro
1117 445 1327 504 animali
1366 444 1617 517 concelli,
1659 459 1720 503 ut
1769 446 1982 503 laticem
2015 445 2273 506 salivalem
2306 450 2366 507 in

410 563 804 639 praenominata
823 557 1079 635 glandula
1112 555 1366 612 secretum
1399 553 1456 610 in
1491 552 1713 610 alterum
1749 554 2099 612 ventriculum
2136 553 2364 615 devehe-

410 683 542 729 rent.
615 670 794 743 Atque
821 665 962 736 hanc
983 665 1303 738 opinionem
1331 659 1644 735 arripuissem
1667 678 1735 718 eo
1760 659 2054 733 lubentius,
2097 680 2222 720 cum
2259 664 2363 722 hac

410 779 618 836 ratione
667 774 972 849 incognitus
1014 772 1268 829 haetenus
1319 767 1586 841 glandulae
1632 769 1938 843 thymusin
1983 769 2207 825 homine
2238 767 2358 829 usus

408 886 684 959 analogice
708 882 970 959 indigitari
994 878 1136 955 poffe
1163 876 1291 935 mihi
1314 875 1590 933 videretur.
1638 875 1785 952 Qia
1802 893 1926 933 vero
1949 875 2112 950 paulo
2134 876 2256 948 post
2283 889 2361 936 at-

406 995 620 1050 tentiori
646 990 828 1047 animo
854 1005 1041 1045 eorum
1064 987 1369 1043 structuram
1390 984 1706 1058 investigans
1736 982 1935 1053 nullam
1968 984 2026 1040 in
2054 982 2133 1040 his
2167 987 2359 1042 cavita-

406 1114 513 1159 tem
537 1097 897 1171 deprehendi,
938 1111 1113 1170 neque
1142 1091 1252 1147 ullo
1277 1089 1459 1147 osculo
1483 1091 1537 1145 in.
1562 1090 1871 1165 glandulam
1896 1104 1988 1148 aut
2019 1092 2076 1147 in
2098 1091 2358 1147 ventricu-

405 1210 516 1267 lum
540 1225 601 1264 ea
625 1206 767 1263 hiare
785 1249 801 1274 ‚
841 1202 929 1260 sed
953 1204 1008 1259 in
1031 1197 1299 1275 superficie
1323 1196 1593 1253 ventriculi
1616 1197 1878 1255 duntaxat
1913 1210 2127 1256 externa
2160 1198 2356 1258 define-

405 1333 460 1376 re
490 1312 791 1382 obiervavi3
831 1309 1141 1369 verisimilius
1176 1307 1421 1380 apparuit
1459 1306 1554 1362 has
1589 1319 1763 1378 partes
1795 1305 2080 1380 ligamenta
2118 1304 2241 1378 effi,
2283 1318 2356 1364 at-

405 1440 510 1498 que
548 1421 670 1478 ideo
707 1424 880 1474 lernaeae
919 1417 1073 1486 data,
1113 1424 1173 1468 ut
1204 1410 1554 1488 aesophagum
1588 1412 1644 1468 δε
1678 1425 1965 1488 utrumque
2004 1412 2356 1473 ventriculum

405 1533 458 1590 in
483 1543 629 1586 certo
653 1528 746 1584 situ
772 1528 1059 1592 retineant3
1101 1518 1502 1596 impediantque
1523 1538 1592 1577 ne
1628 1511 1946 1596 aesophagus
1972 1521 2100 1578 liber
2127 1521 2182 1576 δε
2206 1523 2355 1580 tenui

403 1635 716 1697 membrana
738 1633 1064 1690 constructus
1090 1627 1297 1702 reliquis
1328 1627 1603 1686 visceribus
1628 1626 1882 1690 deorsum
1900 1626 2096 1699 ἀυξῒίε,
2117 1646 2218 1687 nec
2234 1645 2355 1690 non

402 1765 433 1804 a
457 1743 698 1820 pondere
719 1742 1045 1816 ingestorum
1070 1750 1416 1807 rumperetur.
1494 1734 1685 1791 Robur
1709 1734 1834 1791 huic
1857 1736 2104 1809 opinioni
2131 1736 2356 1799 tandem

402 1852 588 1928 adjecit
611 1851 896 1927 proportio
927 1850 1125 1904 horum
1151 1846 1558 1919 ligamentorum
1592 1829 1858 1915 glandulae
1892 1842 2091 1898 molem
2125 1841 2230 1902 fere
2267 1862 2351 1914 ex.

403 1960 618 2022 cedens,
661 1958 718 2014 δε
763 1956 1030 2013 robustior
1069 1970 1257 2010 eorum
1297 1970 1458 2026 quam
1494 1948 1760 2025 glandulae
1797 1967 2097 2025 compage&
2204 1952 2350 2009 Cum

401 2069 585 2142 itaque
611 2061 865 2142 glandula
890 2059 1102 2119 ialivalis
1123 2061 1226 2118 hac
1249 2060 1331 2118 via
1358 2058 1570 2116 succum
1590 2055 1742 2117 suum
1769 2073 1886 2116 non
1907 2054 2175 2131 effundat,
2201 2059 2346 2118 hunc
2381 2041 2387 2047 ’

401 2186 461 2232 ut
489 2175 542 2231 in
573 2170 748 2230 fauces
772 2169 967 2226 eructet
990 2167 1246 2224 neceffum
1269 2168 1353 2224 est.

657 2278 819 2351 Juxta
860 2273 1081 2349 praefata
1129 2275 1413 2348 ligamenta
1464 2272 1631 2347 longa
1680 2272 1750 2331 ad
1801 2272 2057 2346 angulum
2107 2286 2343 2349 acutum,

401 2406 562 2467 quem
583 2384 728 2445 fibrae
752 2384 1049 2459 pharyngis
1077 2382 1312 2457 obliquae
1337 2381 1394 2438 ὃς
1424 2379 1814 2438 semicirculares
1839 2382 1897 2437 in
1917 2382 2177 2439 concursu
2212 2380 2343 2441 efor-

400 2510 584 2568 mant,
620 2494 732 2562 duo
756 2490 854 2549 alia
879 2494 1126 2565 utrinque
1151 2467 1434 2564 ligamenta
1464 2513 1527 2550 m.
1559 2489 1775 2547 robusta
1788 2532 1807 2555 ‚>
1840 2489 2158 2564 comprefla,
2200 2489 2343 2564 alba,

401 2607 594 2664 lineam
625 2602 730 2659 lata
766 2601 1039 2669 oriuntur3
1094 2615 1215 2672 quae
1253 2616 1421 2656 unum
1456 2597 1699 2674 pollicem
1744 2594 1875 2653 infra
1916 2597 2254 2673 pharyngem
2285 2600 2341 2655 in

397 2714 648 2788 parietem
671 2710 907 2785 corporis
930 2708 1195 2764 internum
1212 2703 1518 2780 infiguntur,
1530 2716 1691 2778 atque
1716 2702 2047 2780 pharyngem
2076 2708 2131 2767 in
2153 2707 2339 2764 debito

404 2820 498 2879 fitu
521 2819 773 2888 retinent,
829 2831 898 2872 ne
921 2833 950 2871 a
973 2813 1211 2890 pondere
1234 2814 1559 2887 reliquorum
1580 2810 1830 2872 visterum
1854 2811 2241 2888 detraheretur,
2282 2815 2342 2873 &

403 2945 468 2988 ex
493 2925 716 2987 naturali
735 2920 829 2985 suo
853 2923 980 2983 loco
1007 2910 1291 2981 decideret(

2107 3068 2110 3073 .
2161 3029 2259 3095 At-
