2513 3435
411 132 480 185 50
1221 95 1452 156 CAPUT
1495 92 1531 154 L

408 229 703 306 bundifhffli
727 230 892 299 biliosa}
920 238 1125 281 vomunt
1132 225 1377 299 sbnguine
1385 217 1634 296 permista,
1677 214 1985 294 &piſsium'
2003 216 2354 271 loturam'olen-

409 355 497 403 tia.
577 341 841 415 Exfhdant
866 350 1029 391 autem
1059 332 1408 410 greveolentia‚
1448 327 1515 388 &
1547 347 1677 383 omne
1694 330 1846 404 piscis
1872 343 2025 401 genus
2055 324 2352 394 averssmtur

395 468 571 533 praeter
596 469 842 506 cancrum.
923 442 1065 498 Cum
1086 438 1167 496 his
1191 436 1296 494 fere
1320 434 1631 522 coincidunt
1657 434 1880 492 aliorum
1909 432 1975 490 de
1997 431 2049 488 vi
2073 433 2230 506 leporis
2256 448 2360 483 ma·

407 567 506 615 rim·
529 554 793 616 venenosa
818 551 1126 619 relatione5‚
1170 545 1363 621 quibus
1390 543 1596 600 PnNms
1625 540 1682 600 &
1707 540 2063 599 Rouomnus
2086 536 2358 613 adjiciunt,

410 663 562 742 quod
585 661 804 719 faeminis
828 659 942 717 solo
971 656 1174 733 aspectu
1197 653 1253 711 δε
1277 650 1463 709 faetore
1488 650 1739 709 abortum
1761 648 1968 711 causare
1990 647 2166 706 soleat.
2246 644 2358 700 GA-

411 793 557 832 LENUS
584 773 653 828 (⁴)
681 787 837 840 vem,
883 763 1037 843 quod
1072 761 1218 836 apud
1244 762 1513 818 neminem
1539 758 1698 817 alium
1732 758 1901 834 legere
1937 759 2036 829 est,
2077 755 2214 815 solus
2251 770 2361 810 me-

411 880 589 939 minit:
631 876 785 953 quod
810 890 873 931 ex
894 872 1147 930 omnibus
1170 870 1409 943 corporis
1439 868 1674 944 partibus
1696 867 2007 942 pulmonem
2043 867 2317 923 exulceret.

670 985 799 1041 Haec
833 982 991 1055 igitur
1015 978 1155 1051 sunt,
1194 996 1316 1053 quae
1343 976 1566 1032 breviter
1596 993 1658 1031 ex
1678 975 1902 1032 aliorum
1930 974 2125 1048 scriptis
2147 991 2270 1030 cum
2296 974 2364 1032 de

416 1092 669 1154 structura
711 1104 829 1149 tum
885 1086 952 1145 de
991 1088 1157 1144 noxia
1201 1091 1376 1142 lernaeae
1409 1081 1661 1158 qualitate
1700 1099 2119 1139 commemorare
2153 1082 2363 1158 placuit.

418 1203 610 1272 Nunc,
652 1217 776 1275 quae
799 1197 1010 1274 ipsemet
1034 1195 1101 1253 de
1123 1192 1387 1253 venenosa
1412 1193 1517 1266 ejus
1542 1189 1724 1248 indole
1748 1203 1989 1265 expertus
2013 1190 2100 1246 tim
2115 1235 2130 1261 ,
2157 1202 2216 1247 ut
2238 1188 2366 1246 refe-

417 1327 544 1373 ram,
569 1305 826 1366 neceffum
850 1305 933 1363 est.
979 1304 1427 1382 Qotiescunque
1452 1298 1561 1355 hoc
1586 1299 1888 1355 animalium
1912 1315 2079 1374 genus
2102 1300 2282 1357 vivum
2304 1315 2367 1355 ex

422 1416 539 1477 vase
563 1417 763 1473 marina
785 1414 987 1490 repleto
1012 1409 1327 1469 extraxissem
1343 1452 1360 1478 ‚
1395 1419 1557 1481 atque
1580 1405 1731 1481 supra
1754 1405 2028 1478 patellam,
2063 1404 2133 1463 ad
2153 1406 2367 1463 structu-

418 1543 532 1585 tam
557 1523 690 1581 illius
713 1519 1118 1580 examinandam
1138 1514 1440 1594 posuiffem,
1479 1527 1659 1571 totum
1680 1513 1849 1570 cubile
1875 1513 2016 1571 illico
2055 1513 2370 1572 faetidiffime

421 1632 481 1690 δε
504 1628 889 1689 nauseabundo
913 1621 1085 1686 odore
1111 1623 1368 1698 repletum
1391 1622 1490 1694 est,
1523 1622 1595 1680 ita
1628 1634 1687 1679 ut
1709 1621 1867 1678 frater
1887 1633 2049 1698 atque
2073 1639 2207 1681 uxor
2231 1641 2370 1694 mea,

424 1741 520 1817 qui
551 1738 627 1796 ob
669 1738 859 1794 inimici
896 1737 951 1792 in
997 1733 1260 1792 Boemiam
1304 1729 1629 1788 invafionem
1671 1746 1879 1786 mecum
1915 1727 2121 1785 Italiam
2157 1731 2375 1804 petiere,

424 1861 705 1918 nunquam
732 1846 788 1901 in
811 1844 1001 1901 eodem
1021 1840 1179 1900 cubili
1199 1855 1504 1915 permanere
1524 1837 1808 1907 valuerint,
1830 1835 1906 1892 ob
1933 1836 2196 1910 timorem,
2217 1837 2374 1915 quod

428 1952 676 2008 nauteam
734 1949 880 2009 brevi
936 1950 1169 2008 vomitus
1215 1945 1583 2021 insequeretur.
1702 1943 1897 2001 Fateor
1930 1986 1949 2014 ,
2016 1962 2194 2024 neque
2243 1945 2376 2004 mihi
2443 1940 2445 1942 ’

430 2072 640 2135 gratum
661 2055 799 2114 fuisse
833 2057 1141 2132 singularem
1180 2051 1392 2125 prorsus
1437 2051 1494 2108 &
1525 2048 1950 2109 abominandum
1984 2050 2191 2111 huncce
2223 2052 2376 2112 faeto-

433 2184 573 2236 rem3
615 2165 702 2222 sed
734 2166 994 2240 quoniam
1028 2167 1247 2218 lernaeam
1283 2159 1571 2217 describere
1617 2173 1779 2234 atque
1816 2159 2074 2216 delineare
2110 2161 2376 2234 amabam,
2411 2234 2418 2239 ,

435 2276 836 2351 oportuit-rem,
880 2270 1069 2346 quodsi
1106 2269 1285 2326 adhuc
1327 2269 1582 2342 ingratior
1620 2266 1813 2338 fuiffet,
1858 2269 2115 2343 patienter
2152 2267 2378 2328 sufferre.

437 2381 503 2441 Id
529 2400 656 2440 vero
688 2381 898 2437 reticere
921 2396 1038 2435 non
1063 2374 1296 2453 possum,
1322 2375 1477 2450 quod
1501 2375 1558 2431 &
1583 2393 1686 2450 ego
1711 2372 1889 2449 saepius
1911 2394 1974 2432 ex
2000 2374 2192 2432 eodem
2221 2376 2381 2434 cubili

440 2486 509 2544 ad
536 2486 899 2561 inspirandum
928 2483 1089 2540 alium
1119 2500 1289 2540 aerem
1319 2483 1454 2538 exire
1480 2481 1782 2553 debuerim,
1824 2482 2078 2558 quamdiu
2100 2483 2274 2541 vivam
2295 2487 2382 2541 ler-

439 2613 592 2651 κωφή
612 2611 719 2670 prae
742 2593 988 2651 manibus
1008 2591 1187 2648 habui.

701 2700 910 2759 Nausea
934 2702 1111 2774 itaque
1136 2698 1294 2756 nobis
1320 2696 1573 2754 omnibus
1598 2699 1896 2754 eommunis
1921 2710 2065 2771 erat,
2107 2716 2171 2755 ex
2211 2697 2383 2775 sparso

445 2810 514 2869 ab
540 2808 752 2869 animali
776 2808 961 2865 odore.
1041 2807 1180 2865 Mihi
1203 2823 1329 2866 vero
1355 2816 1602 2879 praeterea
1627 2822 1816 2863 manus
1839 2823 2096 2881 genaeque
2118 2808 2386 2867 intumue-

2167 2928 2311 2987 runt,

601 3048 670 3102 ('·)
701 3051 782 3094 Lib.
811 3053 838 3093 L
867 3049 914 3094 de
937 3049 1310 3096 Medicamentomm
1336 3042 1619 3101 compositione,
