2513 3435
827 95 922 153 Di:
980 95 1277 154 TfiTHYO.
1925 112 2028 165 135

86 238 170 286 tus
196 228 253 285 in
278 225 470 284 eodem
495 235 688 280 trunco
709 220 782 278 {iti
807 218 1013 290 fi11t‚id
1033 238 1062 276 a
1088 217 1377 278 diversitate
1400 217 1655 291 temporis
1673 216 1892 290 pendet,
1918 235 2032 292 quo

34 365 41 367 >
86 334 286 392 horum
310 333 401 392 aut
428 332 633 389 illorum
663 327 824 386 ovula
843 339 1048 384 excreta
1080 326 1214 383 sunt.
1289 324 1523 384 Similem
1550 323 1654 386 fere
1679 325 2034 400 generationis

88 441 315 500 modum
342 443 396 498 in
419 436 735 515 quibusdam
754 436 882 506 estrei
902 431 1166 510 speciebus
1201 432 1566 507 observamus,
1606 451 1833 510 quarum
1864 429 2036 507 plures

87 550 179 609 fibi
204 550 430 609 invicem
455 546 592 607 uniri
617 540 1022 602 consueverunt.

581 692 1155 792 CAPUT
1262 692 1549 788 VIII.

413 847 555 920 DE
617 844 1071 917 MEDUSA
1135 842 1720 927 PALLIATA.

313 1107 541 1181 (mr
995 1113 1063 1201 ᾗ.
1111 1111 1157 1179 I.

522 1402 745 1477 pello
771 1401 837 1457 ad
860 1411 1093 1457 mentem
1109 1398 1201 1456 Cl
1227 1399 1450 1470 L1NNAE1‚
1482 1401 1634 1473 juxta
1658 1398 1786 1456 alios
1812 1415 1939 1457 vero
1965 1422 2048 1454 ur-

504 1527 509 1551 »
605 1516 708 1564 ticae
732 1507 922 1584 specics
958 1508 1044 1564 cst.
1126 1507 1408 1582 Singularis
1438 1509 1545 1582 ejus
1580 1507 1827 1563 structura
1862 1507 2047 1563 mereri

95 1608 402 1688 videbatur,
443 1626 501 1673 ut
527 1617 634 1693 ejus
655 1615 925 1673 historiam
948 1614 1076 1674 huie
1114 1615 1474 1692 qualicunque
1510 1613 1769 1689 opusculo
1802 1612 2045 1673 adnecte-f

97 1741 224 1785 rem.
2010 1728 2014 1732 ’

349 1829 543 1905 Figura
578 1834 690 1906 ejus
724 1849 842 1890 non
881 1830 1023 1890 secus
1065 1848 1125 1888 ac
1156 1832 1212 1889 in
1249 1832 1503 1891 omnibus
1534 1833 1744 1904 Meduste
1779 1827 2047 1904 speciebus

96 1937 419 2016 cylindrica,
459 1951 579 2011 aut,
620 1953 680 1996 ut
722 1939 803 1996 Cl.
845 1938 1064 1997 LINNAEO
1101 1938 1308 2012 placet,
1341 1937 1634 1998 orbiculata
1668 1938 1753 1994 est.
1832 1937 2048 1996 Fabrica

97 2042 306 2104 interna
341 2046 557 2119 eadem,
598 2049 849 2104 nimirum
881 2048 1160 2104 innumera
1201 2046 1470 2105 tentacula
1505 2045 1720 2120 exigua,
1761 2044 2048 2121 cylindrica

95 2176 145 2210 a.
171 2175 217 2210 a·
244 2155 468 2211 exterius
492 2153 802 2219 circulariter
829 2154 1004 2211 locata
1025 2153 1173 2224 sunt3
1215 2171 1277 2211 os
1310 2154 1617 2227 oblongum
1658 2153 1702 2209 b.
1737 2153 1882 2215 labiis
1919 2150 2049 2209 cras-

100 2259 322 2317 fiusculis
345 2260 676 2325 instructum,
716 2279 746 2317 e
780 2279 893 2335 quo
918 2261 1185 2318 filamenta
1221 2285 1261 2317 c.
1293 2285 1333 2320 c.
1372 2260 1649 2336 praelonga
1688 2258 2048 2317 candidiffima

101 2368 370 2444 pendent,
414 2370 469 2425 in
487 2367 725 2443 corporis
751 2366 856 2424 fere
893 2367 1075 2426 medio
1106 2380 1287 2441 patet3
1330 2367 1491 2444 paulo
1530 2368 1680 2443 supra
1724 2385 1787 2424 os
1828 2385 1961 2426 anus
2000 2368 2048 2425 cl.

101 2476 198 2535 sub
224 2475 397 2533 tubuli
419 2475 688 2550 cylindrici
722 2474 895 2533 forma
927 2477 1211 2550 prominet.³
1289 2477 1441 2533 Cutis
1481 2474 1789 2533 extrinsecus
1825 2474 2052 2533 candida

101 2580 481 2658 elegantiffimis
502 2584 707 2657 punctis
731 2585 989 2642 coccineis
1018 2609 1057 2639 e.
1083 2606 1123 2639 e.
1152 2583 1358 2659 depicta
1383 2584 1472 2642 est,
1550 2583 1687 2639 Illud
1715 2600 1841 2641 vero
1871 2582 2050 2641 haecce

104 2692 318 2764 Meduste
342 2688 528 2764 species
553 2708 659 2766 prae
683 2693 894 2766 reliquis
921 2692 1173 2768 singulare
1197 2691 1361 2748 habet
1377 2736 1393 2762 ,
1437 2690 1589 2766 quod
1613 2688 1926 2748 extrinsecus
1950 2691 2048 2749 alia
2105 2688 2108 2690 ’

106 2812 228 2856 cute-
252 2817 282 2855 a
307 2813 536 2873 corpore
559 2799 859 2858 orbiculato
879 2799 1111 2873 separata
1137 2801 1299 2859 veluti
1327 2798 1548 2873 palliolo
1574 2799 1752 2859 vestita
1784 2797 1872 2872 fit,
1905 2797 2050 2858 unde

110 2925 225 2963 eam
249 2907 508 2978 Medafizm
516 2912 779 2984 palliatam
802 2907 929 2967 dixi.

1824 3014 1978 3073 Men-
