2513 3435
160 967 308 1034 Figura
327 979 376 1029 4·

422 127 526 179 132
1181 106 1407 162 CAPUT
1461 104 1604 163 VII.

416 227 621 286 munita
643 225 776 284 sunt.
856 228 924 285 In
943 224 1048 284 bafi
1069 243 1185 284 non
1208 227 1348 284 secus
1381 227 1524 284 acin
1559 229 1878 302 praecedenti
1911 231 2082 306 speeie
2118 235 2245 292 varii
2270 252 2369 312 pe·

420 335 639 394 dunculi
678 338 720 394 b.
767 339 810 394 b.
853 348 1170 408 occurrunt,
1223 352 1460 411 quorum
1509 354 1616 412 ope
1659 337 1765 395 aliis
1809 341 2126 416 corporibus
2169 342 2368 409 infidet.

422 444 599 520 Qod
622 444 768 502 hicce
788 445 942 519 hujus
967 444 1150 519 speciei
1175 444 1442 517 depictum
1468 444 1696 502 exhibeo
1723 449 1980 521 Tethyum‚
2005 449 2168 506 frusto
2189 447 2370 526 ligneo

422 553 698 610 adhaerens
743 555 798 609 in
836 552 1012 608 littore
1058 567 1233 624 prope
1275 552 1539 609 castellum
1573 571 1778 612 novum
1813 574 1899 615 22.
1937 557 2156 632 Augusti
2194 557 2377 634 depre-

424 660 588 720 hendi
604 706 622 734 ,
659 678 835 735 neque
855 659 998 718 aliud
1019 658 1392 719 antecedenter
1417 660 1498 718 vel
1523 662 1708 735 postea
1735 662 1866 723 mihi
1891 664 2067 723 videre
2087 667 2331 740 contigit.

1272 812 1339 901 ὃς.
1404 813 1535 883 lv.

430 977 671 1134 Quae
696 978 807 1050 jam
842 975 1070 1051 sequitur
1109 976 1276 1049 Tethyi
1312 975 1503 1050 species
1540 994 1600 1034 ea
1644 976 1776 1035 mihi
1818 976 2054 1051 videtur,
2096 997 2259 1055 quam
2292 981 2374 1038 CI.

623 1085 787 1156 JANth
815 1084 1051 1141 PLANCUS
1078 1085 1147 1141 (”)
1173 1084 1268 1142 sub
1298 1085 1521 1142 nomine
1559 1090 1792 1141 Mentulae
1823 1095 2019 1143 marinae
2035 1107 2227 1163 penem..
2239 1095 2377 1145 cani-

426 1214 546 1251 num
568 1196 816 1264 referentis
840 1191 1112 1267 destripfit.
1192 1194 1421 1265 Tethyum
1446 1194 1617 1251 hocce
1639 1193 1721 1252 Vel
1745 1192 2006 1267 solutum,
2031 1195 2112 1255 vel
2135 1197 2242 1254 aliis
2268 1195 2374 1254 suae

426 1300 614 1374 speciei
637 1299 918 1358 individuis
945 1301 1246 1357 intricatum
1271 1300 1702 1377 deprehenditur.
1781 1300 1943 1359 Unde
1976 1304 2376 1378 Tethyumflzsti-

426 1412 646 1468 cularum
671 1425 790 1464 non
817 1409 996 1482 inepte
1022 1406 1294 1465 diceretur.

681 1514 887 1571 Totum
913 1517 1018 1589 ejus
1043 1531 1236 1589 corpus
1259 1533 1321 1572 ex
1346 1515 1656 1572 membrana
1678 1512 1831 1572 craffa
1857 1516 2107 1574 intestinis
2141 1491 2374 1593 quadru-

426 1622 629 1696 pedum
652 1620 825 1692 fimili,
867 1619 1125 1677 albicante
1153 1623 1493 1695 compae‘lum
1531 1621 1629 1692 est,
1669 1624 1773 1692 ita,
1810 1634 1871 1678 ut
1909 1623 2041 1680 dum
2071 1624 2127 1680 in
2159 1624 2372 1701 simplex

428 1728 587 1787 fimile
617 1732 666 1785 T
657 1731 846 1806 ethyum
868 1730 925 1784 in
951 1728 1127 1784 littore
1162 1727 1527 1803 Neapolitano
1557 1733 1668 1806 jam
1699 1730 1805 1787 vita
1838 1724 2106 1802 priv'atum
2152 1750 2236 1803 19.
2269 1734 2374 1789 Au-

428 1838 561 1914 gusti
581 1836 862 1896 inciderem
877 1881 893 1908 ,
932 1835 1060 1894 illud
1087 1852 1190 1910 pro
1214 1840 1466 1912 portione
1490 1837 1716 1894 intestini
1736 1838 1948 1913 majoris
1972 1837 2242 1916 cujusdam
2264 1841 2377 1897 ani-

428 1942 575 2000 malis
600 1943 891 2001 habuerim.
967 1945 1151 2018 Qare
1176 1945 1331 2001 etiam
1351 1945 1482 2002 iliud
1505 1961 1623 2000 non
1654 1943 1882 2000 multum
1907 1962 2093 2002 curans
2131 1946 2234 2001 hac
2262 1948 2375 2003 vice

429 2051 595 2125 rejeci.
657 2050 946 2125 Postquam
971 2068 1100 2108 vero
1129 2061 1216 2107 26.
1241 2050 1470 2127 ejusdem
1497 2051 1690 2108 Mensis
1713 2051 1767 2107 in
1785 2053 1978 2109 eodem
2002 2053 2178 2108 littore
2199 2053 2376 2110 deam-

430 2157 618 2215 bulans
640 2175 885 2216 acervum
910 2157 1046 2214 Tab.
1074 2158 1143 2213 X.
1170 2159 1282 2235 Fig.
1311 2179 1364 2228 4.
1392 2159 1657 2235 depictum
1681 2157 2009 2230 invenissem,
2042 2158 2259 2216 demum
2289 2177 2375 2217 ex-
2415 2172 2424 2181 ·

430 2279 606 2342 pertus
626 2264 765 2336 sum,
806 2283 996 2339 corpus
1022 2267 1163 2340 prius
1196 2285 1279 2338 19.
1305 2266 1524 2342 Augusti
1555 2285 1586 2324 a
1613 2284 1698 2323 me
1719 2264 1882 2323 visum
1911 2282 2027 2323 non
2052 2266 2270 2324 frustum
2294 2269 2373 2324 in-

429 2374 626 2445 testini,
669 2372 757 2430 sed
787 2374 951 2444 Tethyi
970 2373 1189 2448 speciem
1211 2371 1365 2430 fuiffe.
1445 2373 1590 2430 Nam
1611 2373 1909 2445 praeteriri,
1950 2374 2103 2447 quod
2138 2376 2287 2449 plura
2320 2373 2372 2430 fi-

431 2482 570 2539 milia
594 2496 824 2554 corpora
859 2480 947 2538 sibi
983 2481 1208 2539 invicem
1242 2484 1391 2539 unita
1420 2481 1683 2551 viderem,²
1725 2481 1870 2538 fimul
1908 2494 2118 2539 motum
2152 2481 2374 2540 manife-

431 2589 567 2646 stum
589 2590 644 2644 in
669 2591 724 2646 iis
750 2588 1035 2647 observavi.
1113 2589 1275 2647 Unde
1300 2588 1496 2647 diffiirn
1519 2607 1762 2648 acervum
1787 2589 1923 2646 illico
1948 2591 2005 2646 in
2045 2607 2134 2648 vas
2169 2591 2371 2648 marina

432 2696 692 2769 repletum
713 2695 965 2771 imposui,
1007 2709 1168 2774 atque
1190 2697 1415 2755 domum
1438 2696 1562 2768 tuli,
1602 2711 1662 2754 ut
1694 2697 1874 2754 melius
1898 2697 1955 2755 id
1982 2715 2148 2771 genus
2172 2698 2372 2756 anima-

430 2802 557 2861 lium
582 2803 964 2876 contemplari,
1006 2818 1168 2881 atque
1195 2808 1251 2863 in
1272 2806 1579 2863 structuram
1601 2807 1706 2880 ejus
1735 2806 1997 2881 inquirere
2023 2804 2234 2880 poffem.

2208 2913 2296 2966 Te-

573 3044 592 3093 (
606 3040 652 3091 ⁶)
681 3042 779 3083 vide
797 3043 877 3082 Lib.
909 3044 955 3083 de
981 3043 1149 3085 Conchis
1169 3045 1297 3086 minue
1319 3046 1422 3086 notis
1443 3056 1538 3100 part.
1565 3057 1651 3086 tert.
1681 3046 1728 3088 C.
1751 3047 1818 3086 111.
