2513 3435
882 119 977 177 De
1028 116 1328 175 Frmnnm.
2021 141 2089 198 57

129 247 230 318 est,
266 262 384 304 non
414 243 554 302 secus
587 260 651 300 ac
679 245 855 299 lernaeae
886 252 1196 317 tegumenta
1233 236 1367 297 faeta
1403 237 1529 313 este,
1570 240 1893 314 praecedenti
1925 251 2096 322 capite

130 357 364 414 memini.
443 353 652 411 Omnes
676 349 908 424 praefatae
933 349 1078 408 fibrae
1100 347 1403 406 mustulosae
1440 347 1594 421 sunt,
1635 362 1799 426 atque
1831 353 1885 410 in
1920 355 2092 416 abdo-

129 464 272 520 mine
292 463 425 518 inter
449 461 545 519 has
574 459 704 516 varii
730 456 853 513 sulci
879 470 1192 528 excurrunt,
1238 475 1346 532 qua
1367 457 1575 515 ratione
1604 457 1878 517 abdomen
1883 465 2089 534 fimbriae

127 569 254 642 pedi
282 569 479 626 limacis
507 580 785 639 utcunque
807 563 962 621 fimile
985 564 1085 628 est,
1120 576 1282 639 atque
1305 567 1411 638 ejus
1434 582 1539 640 ope
1573 565 1716 624 hanc
1752 568 2090 645 quandoque

127 673 257 732 laxis
285 677 504 751 aliisque
527 671 843 747 corporibus
868 671 1011 729 duris
1036 671 1306 729 adhaerere
1333 673 1533 746 judico,
1614 675 1680 731 In
1711 675 1902 748 dorso,
1943 678 2087 736 collo

127 782 184 839 &
202 782 363 853 labio,
388 760 659 839 vfimbriato
682 764 920 854 margine
940 761 1209 849 instructo³
1234 779 1346 838 leve
1371 781 1652 857 nitensque
1669 783 1739 841 est
1758 786 2090 860 integumen-

126 896 240 946 tum
263 931 277 954 ,
329 902 551 965 excepto
584 888 822 962 margine
845 932 863 959 ‚
923 887 1015 962 qui
1057 886 1270 962 pulvere
1309 861 1608 945 tenuiffimo
1647 890 1893 948 colorato
1926 893 2085 950 veluti

124 996 428 1072 conspersus
461 1009 705 1073 apparet,
737 1010 900 1071 atque
934 994 1240 1078 intrInsecus
1269 1012 1386 1053 non
1424 994 1566 1056 fibris
1597 998 1911 1057 reticulatim
1947 999 2084 1058 laxe-

125 1124 231 1182 que
259 1105 509 1182 dispofitis
531 1102 978 1176 constructus,sed
997 1103 1280 1162 substantia
1304 1103 1469 1162 solida
1493 1106 1795 1182 compactus
1817 1107 1903 1181 est,
1917 1126 2082 1185 quam

123 1214 270 1289 niger
293 1213 606 1272 extrinsecus
625 1212 831 1273 visibilis
856 1212 1007 1271 color
1030 1230 1226 1289 magna
1251 1230 1313 1271 ex
1333 1227 1484 1287 parte
1510 1226 1769 1290 penetrat.

991 1365 1058 1454 ς.
1137 1364 1219 1435 v.

275 1541 432 1604 perto
459 1530 752 1588 abdomine
781 1529 835 1586 in
872 1540 1025 1603 parte
1058 1530 1170 1603 ejus
1215 1529 1481 1605 superiore
1518 1531 1847 1607 pauioinfra
1885 1533 2083 1594 collum

311 1637 556 1695 omnium
583 1640 757 1713 primo
782 1650 961 1695 uterus
990 1639 1194 1712 amplus
1231 1657 1293 1695 ex
1332 1638 1458 1696 albo
1489 1639 1741 1700 lutescens
1774 1643 1831 1700 in
1862 1642 2082 1717 conspe-

124 1748 269 1804 &um
293 1747 472 1816 venit,
512 1742 643 1801 infra
679 1744 826 1804 hunc
861 1747 1102 1803 ovarium
1126 1745 1514 1823 subglobosum
1545 1747 1840 1804 collocatur
1875 1751 1958 1805 cui
1995 1766 2085 1807 vas

124 1851 426 1912 tortuosum
464 1851 720 1931 albicans,
761 1851 847 1908 seu
868 1852 1204 1928 Epididymis
1228 1853 1446 1929 adjcicet.
1527 1853 1869 1930 AEsophagus
1894 1855 1963 1914 ab
1991 1873 2086 1914 ore

123 1961 425 2038 procedens
452 1962 509 2018 in
537 1960 884 2019 ventriculum
909 1959 1376 2037 lyripipiformem,
1396 1961 1537 2021 fibris
1556 1962 1684 2022 albis
1707 1963 1930 2021 carnofis
1954 1981 2086 2022 con-

125 2070 403 2142 struemus,
450 2068 656 2133 definit,
702 2071 797 2145 qui
827 2067 1043 2127 dorsum
1064 2070 1236 2129 versus
1255 2071 1372 2131 {itus
1395 2073 1479 2130 est.
1552 2073 1599 2129 A
1636 2071 1931 2132 ventriculo
1955 2075 2082 2131 inte-

125 2180 256 2237 stina
281 2179 339 2234 in
364 2179 538 2236 varios
557 2194 724 2251 gyros
750 2191 1004 2234 contorta
1032 2179 1370 2252 procedunt,
1413 2198 1536 2255 quae
1571 2181 1736 2253 hepar
1770 2177 2083 2246 viridescens

125 2286 368 2362 undique
387 2286 796 2342 concomitatur.
873 2286 1129 2362 Denique
1147 2287 1408 2347 testiculus
1432 2289 1670 2346 infimam
1694 2288 1810 2346 cavi
1834 2287 2082 2346 abdomi-

123 2398 205 2454 nis
227 2408 436 2471 partem
460 2407 723 2467 occupat,
766 2414 795 2453 a
819 2414 932 2471 quo
952 2395 1309 2470 supradictum
1332 2416 1423 2457 vas
1445 2397 1749 2457 tortuosum
1778 2397 1949 2457 versus
1975 2410 2080 2456 ute-

125 2522 244 2563 rum
268 2503 455 2561 tendit.

381 2610 616 2669 Partium
663 2610 882 2667 Fimbriae
927 2614 1255 2672 internarum
1302 2612 1532 2673 formam
1584 2614 1763 2691 figuris
1795 2616 2081 2690 exprimere

126 2734 229 2793 pro
248 2717 530 2778 necessario
555 2736 673 2777 non
699 2719 896 2793 habui,
936 2735 1220 2797 propterea
1242 2723 1397 2799 quod
1418 2726 1500 2790 iis,
1521 2742 1653 2801 quas
1675 2725 1734 2780 in
1759 2727 1932 2779 lernaea
1952 2740 2082 2780 con·

127 2829 280 2885 tineri
303 2826 440 2899 dixi,
479 2846 595 2886 non
625 2828 882 2888 diffimiles
903 2830 1015 2890 fint.
1093 2831 1372 2891 Nonnulla
1394 2845 1630 2891 attamen
1654 2831 1842 2890 viscera
1870 2835 1928 2889 in
1949 2833 2080 2887 hoc-

130 2955 191 2996 ce
227 2936 439 2994 animali
476 2935 778 3011 defiderari‚
819 2940 1015 3015 quibus
1050 2945 1222 2998 lernaea
1254 2961 1285 3000 a
1320 2955 1512 3000 natura
1550 2942 1756 3002 donata
1787 2942 1888 3015 est,
1941 2941 2081 2999 hanc

1091 3049 1145 3107 H
1885 3067 2010 3107 cum
