2513 3435
862 75 956 137 Da
999 75 1304 135 Fxmmu„
1994 93 2059 152 55

979 204 1044 291 ς.
1111 200 1201 270 11.

269 333 306 391 d
327 332 532 391 initium
557 328 767 405 capitis,
809 327 900 385 ubi
921 328 1170 384 nimirum
1190 326 1387 387 labium
1414 343 1544 385 mox
1581 324 1900 400 descriptum
1932 325 2076 388 suam

307 441 454 498 ducit
481 438 774 513 originem,
817 435 931 493 duo
955 435 1219 495 tentacula
1245 434 1547 493 auriformia
1577 459 1618 492 c.
1651 459 1691 493 c.
1725 433 1916 511 plana,
1954 432 2097 508 lata,¹

113 555 266 614 nullo
294 551 403 608 {inu
431 560 522 606 aut
542 548 765 606 cavitate
797 545 1048 621 praedita,
1089 558 1324 623 quatuor
1345 546 1505 605 lineas
1537 543 1681 621 larga
1712 543 1770 602 &
1802 543 1886 600 sex
1916 545 2076 606 lineas

113 665 282 739 longa
330 668 596 734 exurgunt
618 701 636 729 ,
707 671 831 732 quae
862 653 1029 732 figura
1060 653 1150 712 sua
1187 672 1337 713 aures
1377 656 1519 712 canis
1555 651 1926 727 investigatorii
1960 667 2079 740 non

114 776 294 847 inepte
344 766 590 826 referunt.
695 764 858 822 Oculi
895 763 1023 822 nulli
1063 763 1133 822 ad
1170 763 1398 821 radicem
1430 762 1628 820 horum
1662 759 2076 833 tentaculorum,

111 896 289 953 neque
334 878 492 934 etiam
528 875 585 932 in
621 872 726 929 ulla
759 872 856 928 alia
894 873 1076 948 capitis
1108 885 1258 949 parte
1293 870 1508 931 visibiles
1543 883 1859 940 occurrunt3
1915 873 2007 948 qui
2043 870 2078 927 fi

113 983 371 1054 adessent,
415 983 586 1040 cosin
609 997 836 1057 corpore
861 977 1229 1040 candidiffimo
1254 978 1434 1041 saltem
1455 980 1593 1040 lente
1613 979 1856 1056 detegere
1881 976 2074 1057 impos-

113 1092 251 1153 fibile
272 1107 385 1150 non
411 1088 589 1147 fuisset.

959 1243 1025 1334 35.
1093 1243 1220 1312 111.

249 1419 366 1465 etro
383 1404 650 1464 tentacula
677 1403 978 1463 auriformia
1003 1405 1221 1464 dorsum
1250 1409 1298 1462 d.
1324 1406 1534 1463 initium
1553 1403 1703 1463 suum
1727 1402 1899 1477 sumit,
1920 1405 2074 1483 quod

288 1513 467 1571 ienfirn
488 1511 822 1587 gracilescens
849 1515 1185 1589 pyramidem
1214 1513 1301 1571 stu
1333 1531 1540 1588 vconum
1564 1510 1857 1586 praesefert3
1902 1512 2074 1589 longi-

115 1625 254 1682 tudo
282 1625 387 1695 ejus
413 1634 515 1677 tres
542 1620 786 1696 polliceS‚
830 1621 887 1677 &
910 1602 994 1678 serr
1018 1621 1178 1680 lineas
1199 1622 1635 1696 comprehendit,
1675 1622 1733 1681 ἃ
1755 1621 1883 1680 basis
1902 1640 2071 1681 unum

115 1729 363 1807 pollicem
388 1729 627 1802 duasque
648 1729 806 1786 lineas
835 1731 890 1786 in
913 1706 1176 1787 diametro
1200 1730 1466 1805 adaequat.
2133 1712 2135 1714 ’

374 1837 560 1895 Latera
583 1835 721 1893 dorfi
742 1835 938 1910 duplici
962 1838 1151 1896 ordine
1175 1837 1537 1913 appendicum
1560 1854 1868 1897 carnearum
1895 1839 2072 1897 candi-

116 1945 416 2019 datumque
448 1965 488 1999 e.
516 1966 554 1998 e.
576 1966 614 1999 e.
634 1967 672 1998 e.
712 1961 832 2018 quae
864 1946 1055 2020 partim
1088 1945 1332 2002 conicam
1362 1947 1558 2021 partim
1591 1947 1932 2022 cylindricam
1966 1947 2084 2008 for--

117 2072 264 2110 mam
282 2052 514 2123 habent,
549 2065 804 2111 exornata
826 2051 960 2110 fiant.
1034 2054 1292 2112 Maximae
1316 2071 1379 2113 ex
1400 2055 1484 2113 his
1510 2055 1895 2130 appendicibus
1916 2059 2072 2132 quin-

84 2180 87 2181 ’
120 2179 246 2237 que,
287 2161 520 2216 minimae
542 2160 673 2217 duas
698 2160 855 2218 lineas
878 2160 1057 2236 longae
1083 2165 1216 2219 fiint.
1299 2163 1494 2222 Praeter
1517 2163 1615 2220 has
1637 2164 1793 2226 variae
1815 2165 2071 2241 protube-

121 2269 476 2338 rantiaefiffl
497 2267 555 2323 in
582 2265 743 2324 dorio
772 2268 1138 2342 observantur,
1163 2289 1225 2328 ex
1248 2271 1442 2346 quibus
1472 2273 1828 2330 communiter
1859 2288 1966 2332 una
1998 2270 2070 2331 al-

121 2389 298 2434 terave
318 2373 586 2450 appendix
624 2376 966 2450 propullulat.
1046 2378 1241 2436 Utrum
1277 2396 1404 2439 vero
1442 2380 1640 2438 diversa
1671 2381 1789 2439 haec
1819 2381 2069 2457 appendi-

121 2502 245 2542 cum
269 2482 438 2559 figura
463 2482 519 2538 &
545 2461 864 2557 magnitudo
890 2486 1102 2544 animali
1123 2487 1374 2545 naturalis
1398 2488 1483 2559 fit,
1524 2488 1731 2546 aflerere
1750 2506 1869 2547 non
1887 2491 2070 2562 valeo;

124 2611 246 2648 cum
284 2589 410 2646 illud
443 2591 586 2664 prius
621 2606 738 2647 non
776 2594 1095 2665 acceperim,
1150 2611 1314 2669 quarn
1349 2595 1481 2653 dum
1503 2601 1613 2671 jam
1650 2612 1744 2670 per
1784 2618 1875 2667 24.
1910 2596 2071 2657 horas

125 2699 467 2756 demortuum
494 2696 640 2768 effet3
664 2714 842 2773 neque
871 2700 1213 2775 imposterum
1251 2701 1393 2761 aliud
1429 2704 1611 2762 vivum
1641 2706 1696 2762 in
1718 2721 1907 2765 manus
1930 2723 2072 2763 meas

124 2804 380 2878 pervenit.
453 2807 631 2882 Qare
659 2819 910 2881 poterant
947 2808 1030 2865 hae
1064 2827 1389 2887 quacunque
1429 2811 1611 2885 injuria
1641 2812 1917 2880 mutilatae,
1959 2813 2070 2871 aliae

125 2929 253 2971 vero
280 2912 508 2969 omnino
533 2913 839 2972 annihilatae
860 2913 1017 2979 fuisse.
1096 2915 1184 2977 Ad
1206 2929 1495 2995 utrumque
1515 2919 1666 2980 dorsi.
1683 2919 1818 2979 latus
1853 2922 1952 2978 alia
1985 2933 2067 2977 tu-

1875 3029 2001 3086 bera
