2513 3435
444 76 538 135 Dn
580 76 748 134 Ovrs
795 76 1046 156 SQJAM
1088 98 1159 134 Ex
1200 73 1384 134 RUFO
1431 95 1651 149 visun,
1694 80 1794 135 δίε.
1980 94 2092 156 147

296 220 301 226 ·
398 202 613 260 Dantur
637 200 838 275 majora
860 198 919 257 &
945 200 1152 260 minora
1178 200 1485 276 hujusmodi
1506 201 1773 266 animalia,
1794 213 1908 257 tum
1932 205 2091 265 etiam

141 311 330 388 quoad
351 310 585 370 colorem
608 305 877 365 differunt.
954 307 1072 366 Alia
1097 325 1331 384 namque
1367 307 1544 380 fusc0,
1588 309 1683 366 alia
1714 311 1901 384 nigro,
1942 309 2087 368 luteo

104 491 107 493 ι
139 420 267 492 alia,
313 419 542 494 denique
569 415 667 475 alia
700 417 962 475 albicante
997 415 1183 473 colore
1216 417 1377 473 tincta
1416 416 1549 472 sunt.
1629 417 1696 472 Et
1727 419 1779 472 in
1816 419 2086 476 nonnullis

133 526 362 601 pisciculi
384 524 708 584 nidulantur.
787 524 1030 582 Faemella
1053 540 1335 600 praegnans
1360 525 1549 599 quodsi
1574 525 1628 580 in
1656 523 1766 581 alto
1801 527 1931 582 mari
1968 544 2086 583 mo.

132 647 303 705 retur,
341 634 412 692 ad
436 635 578 691 littus
601 635 776 693 venire
798 634 1011 705 nititur,
1051 631 1232 709 ibique
1256 634 1423 705 parit,
1463 644 1523 688 ut
1542 633 1719 704 proles
1751 631 1945 691 facilius
1986 651 2083 691 nu-

32 758 34 760 ·
130 745 441 802 trimentum
464 742 751 810 inveniant.
825 741 1050 816 Degunt
1074 740 1213 796 enim
1235 740 1348 796 haec
1388 739 1633 796 animalia
1663 741 1989 814 potiffimum
2028 743 2082 800 in

130 849 401 908 littoribus
427 849 483 924 βε
513 851 652 908 circa
690 848 967 924 scopu103,
1011 845 1105 904 ubi
1138 845 1270 922 algae
1309 846 1576 917 crescunt,
1619 865 1749 920 quas
1784 866 1886 921 pro
1921 852 2084 906 nutri-

125 970 316 1029 mento
341 959 558 1016 habent.
632 957 917 1015 Piscatores
941 954 1026 1012 illa
1044 955 1211 1013 nonu
1230 955 1430 1012 lumine
1451 954 1747 1028 piscantur,
1791 969 1952 1029 atque
1992 956 2083 1015 ha-

127 1066 214 1126 stis
239 1065 318 1124 vel
345 1065 511 1123 hamis
534 1063 704 1122 ferreis
729 1082 912 1139 capere
947 1063 1116 1120 solent
1165 1062 1340 1121 mense
1376 1065 1558 1138 Majo,
1598 1064 1766 1135 Junio
1788 1107 1800 1129 ‚
1842 1064 1987 1136 Julio
2024 1065 2081 1121 δε

129 1173 373 1249 Augusto
397 1217 414 1244 ,
480 1191 595 1248 quo
638 1187 880 1249 tempore
916 1184 1127 1248 gratum
1160 1171 1389 1229 odorem
1424 1171 1649 1228 adinstar
1681 1172 1883 1228 moschi
1933 1172 1999 1229 de
2034 1175 2082 1231 se

126 1281 399 1357 spargunt*
471 1281 625 1346 Plebs
648 1283 706 1338 iis
732 1281 951 1340 vescitur
975 1279 1092 1335 licet
1129 1277 1352 1336 difficilis
1386 1278 1483 1335 sint
1507 1279 1916 1354 -concouionis,
1957 1297 2078 1356 pro·

124 1389 362 1449 bostides
389 1406 500 1473 prese
521 1389 638 1464 ipso
665 1405 890 1463 corpore
917 1377 1220 1449 difficillime
1240 1385 1568 1461 digeruntur.

976 1539 1045 1628 ς.
1108 1539 1235 1609 lv.

127 1708 460 1866 Accepta
484 1707 540 1763 δε
567 1706 793 1782 perlecta
817 1706 980 1764 hacce
1003 1705 1260 1765 relatione
1283 1703 1471 1762 doctus
1489 1715 1548 1760 ut
1569 1715 1692 1760 ante
1717 1701 1815 1760 fui:
1855 1705 1910 1761 id
1937 1707 2079 1763 enim

308 1816 444 1872 mihi
461 1814 773 1889 persuadere
795 1833 914 1873 non
933 1823 1208 1891 poteram,
1250 1813 1405 1889 quod
1431 1816 1587 1884 Borſsz
1611 1816 1695 1869 del
1710 1832 1842 1868 mare
1882 1814 2077 1871 animal

123 1925 199 1983 sui
220 1925 420 2000 generis
447 1922 520 1981 fit.
588 1908 873 2000 'Siquidem
899 1923 1104 1981 nullum
1130 1923 1235 1979 oris
1259 1934 1350 1979 aut
1374 1924 1462 1978 ani
1491 1921 1784 1995 vestigium,
1823 1922 1967 1979 nulla
1989 1922 2079 1979 de-

126 2035 295 2110 nique
316 2031 708 2109 qualiacunque
743 2032 979 2093 demum,
1002 2029 1196 2089 viscera
1240 2031 1296 2086 in
1326 2029 1408 2087 illa
1447 2028 1806 2103 deprehendi,
1847 2048 2082 2105 quorum

125 2155 306 2199 tamen
330 2158 498 2197 unum
523 2141 810 2198 alterumve
830 2139 1166 2203 necessarium
1198 2139 1315 2209 est,
1342 2138 1422 2196 vel
1448 2139 1517 2194 ad
1532 2142 1687 2213 poffpz'
1707 2138 1868 2194 vitam
1893 2136 2079 2195 susten·

124 2249 361 2307 tandam.
394 2249 542 2304 Dum
556 2247 739 2324 itaque
763 2247 992 2306 stcunda
1013 2249 1124 2309 vice
1146 2263 1294 2303 anno
1316 2257 1484 2318 1757.
1499 2243 1725 2319 Neapoli
1742 2262 1837 2319 per¹
1847 2258 2080 2318 quatuor

123 2358 325 2418 menses
364 2358 649 2428 detinerer,
687 2357 823 2413 inter
861 2357 1108 2430 primaria
1148 2355 1496 2430 piscatoribus
1535 2354 1590 2411 in
1626 2353 1906 2412 commiffis
1937 2354 2081 2425 dedi,

126 2466 336 2524 utillud
361 2482 582 2541 coerS,
624 2465 779 2542 quod
802 2469 958 2540 Borsiz
983 2469 1065 2521 del
1098 2486 1231 2521 mare
1268 2466 1537 2533 vocitant,
1579 2464 1912 2539 quamtocius
1947 2463 2076 2520 mihi

126 2573 404 2633 adferrent.
449 2570 453 2574 ’
487 2572 618 2646 ,Ipse
650 2592 780 2636 vero.
816 2575 1036 2649 quoties
1060 2574 1141 2637 vel
1176 2574 1235 2631 in
1269 2574 1446 2637 littore
1477 2571 1633 2629 maris
1668 2571 2077 2643 deambularem,

127 2682 209 2742 vel
234 2683 289 2738 in
315 2683 647 2742 altum'mare
679 2683 736 2740 δε
762 2671 831 2742 ad
854 2682 1102 2759 scopulos
1127 2693 1213 2739 me
1235 2681 1427 2740 devehi
1448 2697 1710 2751 curarem,
1731 2678 1931 2750 summ-a
1952 2699 2073 2737 cum

125 2792 424 2850 attentione
447 2791 780 2868 investigavi,
822 2806 999 2850 utrum
1025 2791 1151 2848 illud
1177 2790 1363 2849 alicubi
1392 2787 1690 2863 conspicere
1713 2787 1926 2861 possem..
1971 2787 2074 2843 Sed

128 2916 232 2961 nec
263 2919 366 2975 ego
401 2910 642 2977 unquam
676 2898 804 2968 illud
836 2900 1195 2975 deprehendi,
1234 2916 1411 2974 neque
1442 2896 1721 2973 piscatores
1745 2896 1856 2979 *tale
1893 2894 2076 2951 attule-

1062 3009 1111 3066 T
1152 3027 1188 3065 2
1860 3017 2001 3068 runt,
