2513 3435
928 91 1309 151 DE‘PENNA'.
1990 121 2098 178 107

145 217 277 277 dum
303 218 616 275 inextremo
636 213 726 272 'stu
759 216 906 290 apice
935 216 1109 274 trunci
1138 216 1271 276 nudi
1306 213 1566 290 versatur,
1607 234 1721 294 quo
1758 230 1998 298 tempore
2024 246 2094 288 :os

142 326 309 400 magis
337 322 604 381 extensum
626 321 710 378 est.

396 431 581 488 Pinnae
611 430 942 507 quadruplici
961 445 1116 490 motu
1141 433 1438 492 ciebantur:
1480 435 1560 492 vel
1585 435 1725 493 enim
1749 438 1921 497 versus
1947 452 2091 501 trun-

139 557 262 598 cum
289 539 497 598 nudum
525 539 606 597 vel
632 536 800 598 versus
826 541 1028 612 apicem
1057 544 1226 600 trunci
1253 544 1460 616 pinnati
1483 544 1870 617 movebantur3
1914 550 2088 607 modo

137 664 265 708 vero
289 647 459 705 versus
483 658 720 703 ventrem
744 646 972 706 multum
993 650 1481 723 contrahebantur,
1523 665 1614 710 aut
1638 654 1804 726 paulo
1829 655 1952 728 post
1978 673 2088 719 ver-

134 755 216 815 sus
236 755 449 814 dorsum
472 754 803 829 aliquantum
828 756 1234 815 inclinabantur.

387 863 641 937 Denique
678 864 1072 921 tentacu10rurn
1119 864 1384 923 filamenta
1432 876 1620 926 carnea
1664 872 2088 945 quaquaversum

131 970 501 1046 agitabantur,
541 983 704 1044 atque
729 970 962 1045 ipsorum
986 972 1170 1047 portio
1192 973 1479 1047 cylindrica
1503 992 1610 1032 una
1637 993 1758 1034 cum
1786 996 1915 1039 mox
1938 979 2084 1041 diuis

131 1076 408 1137 filamentis
431 1076 512 1136 vel
539 1078 860 1154 errigebatur
874 1123 891 1150 ,
933 1079 1013 1137 vel
1038 1082 1177 1138 intra
1199 1082 1386 1156 pinna's
1408 1083 1795 1145 occultabatur.

385 1186 537 1243 Toto
561 1201 789 1260 corpore
814 1186 937 1244 loco
966 1189 1167 1247 moveri
1191 1188 1444 1265 fingulare
1482 1191 1650 1248 hocce
1675 1195 1936 1269 Zoophyton
1965 1214 2084 1256 non

129 1293 266 1365 vidi,
306 1311 430 1351 cum
454 1295 509 1350 in
532 1293 678 1365 vase,
720 1306 779 1351 ut
812 1292 964 1371 supra
1001 1296 1136 1368 dixi,
1179 1296 1308 1354 illud
1355 1297 1698 1372 detinuerim,
1737 1302 1834 1361 ubi
1871 1304 1946 1362 ob
1980 1306 2089 1364 exi.

127 1419 289 1477 guam
310 1420 464 1477 aquae
489 1403 842 1477 quantitatem
866 1403 1048 1459 locum
1073 1412 1277 1463 mutare
1299 1422 1417 1464 non
1438 1419 1662 1482 poterat.
1726 1410 1940 1469 Interim
1963 1413 2086 1471 nuh·

126 1511 204 1566 lus
227 1510 419 1567 dubito
441 1515 660 1565 Pennana
685 1525 790 1583 ope
809 1509 1092 1584 pinnarum
1117 1511 1245 1568 loco
1272 1514 1503 1585 moveri,
1534 1515 1713 1573 ialtem
1736 1517 1924 1576 harum
1948 1521 2077 1577 stru-

125 1618 298 1688 ἃιιῑει,
337 1618 394 1675 &
415 1625 590 1676 Pennae
612 1617 860 1685 naturalis
892 1619 947 1675 in
970 1617 1149 1676 fundo
1176 1622 1330 1678 maris
1364 1622 1513 1694 fituS,
1554 1625 1698 1682 unde
1742 1626 2077 1704 quandoque

124 1725 296 1785 versus
319 1725 639 1804 superficiem
663 1694 818 1783 maris
840 1726 1030 1798 fertur,
1073 1727 1127 1784 id
1147 1729 1222 1785 ita
1244 1728 1352 1785 fieri
1374 1729 1682 1787 sufficienter
1703 1733 1959 1793 indicant.
2044 1736 2048 1738 ’

382 1834 550 1908 Degit
578 1834 819 1890 nostrum
856 1835 1120 1909 Zoophytm
1152 1836 1210 1893 in
1245 1835 1417 1899 altiori
1453 1840 1610 1910 mari,
1669 1840 1766 1898 ubi
1809 1843 2078 1904 interdum

124 1960 249 2002 cum
275 1942 383 2000 aliis
403 1940 628 2017 piscibus
661 1943 880 2015 capitur.
965 1943 1117 2000 Dum
1151 1942 1322 2001 versus
1355 1946 1510 2033 maris
1543 1946 1866 2024 superficiem
1895 1949 2078 2025 fertur,

125 2050 338 2109 buliulae
375 2050 667 2106 innumerae
703 2068 898 2125 corpus
931 2053 1039 2125 ejus
1073 2051 1434 2124 circumdant,
1476 2073 1599 2129 quae
1632 2057 1888 2116 stellarum
1922 2060 2078 2119 instar

128 2156 197 2214 de
221 2156 306 2212 die
326 2156 634 2228 splendent3
674 2157 731 2213 id
753 2157 973 2231 quidem
995 2166 1115 2214 non
1135 2156 1237 2216 hac
1262 2160 1563 2233 occafione,
1610 2163 1699 2221 sed
1726 2183 1875 2225 anno
1910 2181 2076 2239 1749.

125 2263 256 2321 dum
281 2262 524 2321 Liburno
546 2263 827 2321 Marfiliam
850 2265 1020 2324 versus
1041 2280 1137 2337 per
1170 2284 1314 2324 mare
1355 2266 1736 2344 proficiscerer,
1782 2275 2072 2336 observavi.

123 2374 262 2449 Qo
284 2383 526 2447 tempore
551 2374 605 2427 in
628 2369 843 2431 historia
865 2374 1093 2432 naturali
1124 2376 1341 2434 minime
1372 2376 1598 2437 versatus
1638 2399 1828 2459 corpus
1863 2386 2072 2443 bulluiis

124 2477 317 2536 Nitens
355 2479 425 2537 ad
463 2490 699 2556 quatuor
743 2482 941 2539 circiter
974 2483 1134 2559 pedes
1170 2483 1304 2550 insta
1333 2483 1660 2559 stiperficiem
1687 2493 1841 2550 maris
1873 2493 2076 2570 conspi-

124 2586 266 2643 ciens
289 2605 318 2643 e
361 2589 534 2645 nautis
570 2589 810 2664 quaefivi,
852 2591 1113 2668 quidnam
1148 2594 1221 2651 rei
1261 2593 1412 2652 effer?
1454 2599 1547 2674 qui
1581 2603 1800 2655 Pennam
1842 2601 1937 2659 effe
1967 2616 2071 2675 pro

63 2738 66 2741 .
121 2691 375 2766 responso
399 2692 604 2753 dedere.

379 2803 514 2880 Qo
536 2804 674 2863 victu
697 2818 874 2866 utatur
914 2806 1124 2869 asserere
1153 2828 1402 2889 nequeo,
1440 2828 1565 2873 cum
1598 2815 1729 2875 nihil
1770 2816 1837 2876 de
1869 2818 1982 2877 esca
2017 2801 2072 2877 in

126 2921 260 2967 cavo
282 2909 456 2969 trunci
480 2908 934 2985 deprehenderim.
995 2919 1181 2981 Minus
1203 2925 1360 2983 etiarn
1383 2942 1484 2999 pro
1507 2937 1655 2985 certo
1685 2926 1935 3003 affignare
1955 2925 2075 3002 pos-

1083 3027 1140 3082 O
1186 3048 1220 3087 2
1888 3037 2007 3095 sum·
