2513 3435
433 127 505 184 86
1198 102 1433 165 CAPUT
1494 102 1598 162 IV.

432 240 590 299 nibus
610 232 859 312 partibus.
941 228 1194 304 Denique
1216 225 1371 303 quod
1405 226 1570 300 magis
1602 230 1796 288 mirum
1838 227 1936 286 est:
1980 230 2162 288 omnia
2197 233 2379 304 Infitdrae

432 343 740 414 individua,
781 339 1068 414 postquam
1089 335 1328 394 intestina
1347 333 1436 392 sua
1459 334 1714 409 dejecere,
1753 335 1949 411 septem
1979 335 2036 393 δε
2062 337 2197 395 ultra
2217 339 2379 399 horas

435 451 804 526 supervivunt,
847 459 1003 504 motu
1038 461 1156 502 non
1192 444 1453 504 duntaxat
1488 443 1728 517 elastic0,
1777 442 1865 503 sed
1896 443 2226 518 progreffivo
2253 465 2385 523 gau·

434 559 632 617 dentia.

687 664 817 721 Haec
836 674 896 718 ut
919 672 978 718 ut
999 657 1269 718 fortiffima
1294 671 1481 718 contra
1503 658 1768 730 ultimam,
1787 658 1900 719 imo
1926 656 2176 732 fortiora,
2216 677 2381 737 quam

434 772 634 848 reliqua
658 784 847 829 contra
871 770 1228 844 praecedentes
1259 769 1542 843 opiniones
1577 768 1858 827 videantur
1887 779 2230 842 argumenta3
2269 784 2381 826 rem

434 893 670 938 attamen
692 881 765 936 ita
792 878 848 934 &
886 894 1003 934 non
1043 877 1186 935 aliter
1229 875 1280 932 st:
1314 875 1542 946 habere,
1584 874 1820 950 pluribus
1859 874 2106 952 deinceps
2137 874 2378 933 institutis

344 1058 349 1062 ⁴
431 985 889 1049 obstrvationibus
912 982 1150 1060 sequenti
1180 984 1387 1042 ratione
1414 981 1633 1043 edoctus
1657 981 1786 1041 sum.

161 1302 313 1371 figura
335 1312 377 1363 5·

161 2609 310 2678 Figura
333 2613 378 2663 6.

1273 1132 1339 1223 §-
1403 1130 1528 1202 vi.
1616 1133 1626 1139 ’

436 1297 801 1433 Heluam
821 1298 993 1358 vivam
1016 1308 1248 1355 recenter
1272 1313 1301 1354 e
1337 1299 1469 1355 mari
1510 1296 1790 1356 extractam
1831 1311 1922 1370 per
1960 1293 2193 1353 medium
2221 1297 2376 1371 juxta

660 1407 1052 1482 longitudinem
1083 1405 1247 1461 totius
1293 1405 1528 1479 corporis
1573 1402 1803 1465 disiecui‚
1845 1414 2005 1476 atque
2050 1403 2378 1479 deprehendi

431 1528 610 1574 totum
632 1512 909 1588 praefatum
935 1525 1246 1587 apparatum
1284 1510 1342 1566 in
1379 1511 1660 1585 parietibus
1694 1510 2184 1584 integumentorum
2219 1511 2375 1567 inter-

431 1622 515 1679 nis
540 1620 804 1680 firmatum
820 1666 837 1692 ‚
878 1624 978 1692 ita,
1022 1632 1080 1676 ut
1102 1618 1402 1675 intestinum
1427 1616 1642 1674 craffum
1665 1636 1711 1672 a.
1735 1634 1891 1673 arena
1916 1618 2117 1674 marina
2138 1617 2196 1673 &
2226 1623 2375 1674 coral-

428 1732 533 1784 linae
556 1731 886 1803 aliorumque
887 1732 1124 1798 siccorum
1146 1725 1452 1800 fragmentis
1479 1722 1727 1781 refertum
1755 1723 1844 1795 ipfi
1879 1741 1987 1780 ano
2011 1724 2146 1781 circa
2177 1726 2375 1784 circum

434 1834 700 1892 adnexum
735 1833 881 1904 estet,
933 1835 1018 1891 cui
1051 1832 1369 1889 continuum
1413 1842 1524 1887 erat
1566 1829 1706 1888 aliud
1739 1830 2042 1888 intestinum
2085 1831 2129 1886 b.
2164 1831 2372 1906 liquore

433 1941 681 2000 subviridi
703 1942 953 2014 plenum,
992 1941 1049 1997 &
1084 1942 1141 1998 in
1176 1938 1436 2013 duplicem
1471 1954 1667 2012 gyrum
1699 1937 2081 2009 convolutum,
2121 1939 2251 1996 nulli
2278 1957 2374 1997 cae-

432 2063 604 2108 terum
640 2051 822 2125 parieti
856 2049 915 2110 in
947 2060 1130 2111 ventre
1164 2044 1438 2105 adhaerens
1471 2043 1558 2101 sed
1596 2044 1838 2102 liberum.
1946 2044 2069 2102 Hoc
2103 2044 2272 2103 versus
2308 2063 2372 2104 os

429 2157 769 2236 progrediens
798 2154 1070 2230 paululum
1103 2152 1378 2224 dilatatur,
1421 2151 1515 2208 ubi
1550 2150 1820 2209 ventriculi
1851 2175 1890 2207 c.
1922 2152 2057 2208 vices
2089 2170 2242 2227 agere
2276 2151 2368 2210 de·

429 2267 610 2341 fignat⁶
686 2265 735 2320 A
759 2263 934 2321 latiori
955 2262 1119 2318 hacce
1141 2261 1365 2319 intestini
1405 2272 1555 2334 parte
1595 2258 1786 2318 canalis
1816 2259 2084 2332 angustior
2122 2257 2208 2316 seu
2237 2258 2365 2315 aeso-

427 2370 638 2448 phagus
658 2370 705 2428 d⁶
729 2373 927 2442 oritur,
969 2371 1024 2428 in
1045 2387 1107 2427 os
1131 2368 1393 2441 desinens,
1434 2380 1599 2441 atque
1634 2368 1693 2424 in
1734 2370 1840 2442 ejus
1873 2365 2092 2442 parietes
2124 2367 2367 2443 undique

428 2475 660 2539 insertus,

681 2579 1000 2662 AEsophago
1023 2582 1228 2643 adnexa
1248 2577 1367 2641 sunt
1389 2579 1684 2641 intestinula
1709 2596 1880 2651 caeca,
1918 2577 2207 2653 cylindrica
2227 2578 2364 2639 ultra

429 2697 619 2755 iineam
646 2695 828 2767 craffa,
866 2692 1035 2753 versus
1066 2706 1357 2751 extremum
1394 2692 1721 2761 acuminata,
1759 2707 1858 2747 nec
1890 2704 2009 2744 non
2040 2690 2193 2747 variis
2230 2705 2368 2763 pun-

431 2807 520 2864 ctis
542 2804 710 2861 rubris
729 2803 920 2878 liquori
945 2800 1269 2859 craffiuscuio
1295 2799 1685 2870 innatantibUS,
1721 2796 1878 2858 veluti
1896 2794 2184 2855 vermiculis
2213 2793 2368 2857 dimi-

430 2910 573 2976 diam
603 2913 796 2972 lineam
814 2908 986 2984 longis
1005 2910 1366 2985 impraegnata

2197 3008 2284 3067 In-
