2513 3435
946 75 1040 133 DE
1091 76 1368 137 LERNAEA
2061 113 2123 164 51

178 209 338 268 runt,
391 200 602 273 quoties
650 200 824 257 vivam
870 203 1090 254 lernaeam
1132 199 1325 257 diutius
1363 206 1767 271 contreelarem,
1823 210 1879 268 ὃ(
1919 217 2127 288 quoties

175 306 296 363 haec
318 304 526 364 succum
555 306 807 377 lacteum,
852 324 1011 380 quem
1037 307 1164 364 inde
1186 322 1508 366 venenatum
1533 312 1576 374 ἕ.
1602 312 1750 371 XVI.
1775 315 1912 388 dixi,
1954 323 2124 392 ejacu-

175 417 335 473 labat.
421 415 615 470 Utrum
644 431 771 471 vero
791 410 944 470 facies
967 431 998 469 a
1028 413 1143 471 solo
1168 415 1335 472 halitu
1377 417 1719 492 intumuerit,
1761 422 1891 479 dum
1930 426 2123 486 diutius

172 523 231 580 &
259 525 508 581 attentius
531 526 750 578 lernaeam
775 522 1156 594 examinarem,
1189 526 1570 598 approximato
1596 530 1813 603 propius
1836 531 1905 588 ad
1928 551 2118 609 corpus

172 632 278 705 ejus
308 630 481 689 vultu:
519 647 589 687 an
612 645 767 700 vere,
810 629 964 704 quod
985 647 1148 687 manu
1171 648 1331 689 muco
1356 632 1446 690 illo
1483 633 1649 691 lae‘teo
1683 637 1898 695 madida
1933 639 2118 699 faciem

170 738 458 814 attigerim,
498 735 705 794 asserere
726 754 841 793 non
865 736 1044 808 valeo3
1084 754 1205 794 cum
1231 739 1486 810 posterius
1507 758 1591 796 me
1611 741 1772 800 fecisse
1793 763 1910 802 non
1935 750 2117 806 memi-

169 847 352 904 nerim.
421 844 590 900 Triste
615 857 888 918 utcunque
909 844 1018 901 hoc
1041 843 1346 920 symptoma
1368 849 1540 917 prima
1564 849 1676 905 vice
1701 851 1830 907 mihi
1853 856 2116 929 accidenS‚

166 954 237 1011 ab
260 953 488 1010 ulteriori
513 951 750 1008 animalis
775 950 1020 1037 examine¹
1039 953 1257 1009 minime
1287 961 1373 1009 me
1414 952 1667 1027 abduxit,
1705 975 1832 1014 nam
1869 979 1995 1020 cum
2033 977 2117 1020 tu-

166 1079 372 1120 morem
411 1059 549 1116 illico
588 1059 842 1135 disparere
876 1057 1221 1116 observassem
1255 1104 1272 1132 ,
1328 1078 1491 1135 quam
1523 1066 1756 1132 primum
1783 1082 1877 1139 per
1907 1069 2114 1145 aliquot

161 1167 414 1243 temporis
435 1166 655 1242 spatium
675 1184 705 1223 a
736 1166 1155 1223 contreetatione
1173 1171 1345 1223 lernaeae
1370 1167 1709 1241 abstinerem3
1753 1179 1954 1250 majora
1978 1178 2117 1237 mala

160 1275 265 1332 hae
295 1276 500 1333 ratione
525 1273 768 1350 subsequi
790 1271 931 1349 posse
953 1291 1072 1332 non
1106 1275 1274 1333 timui.
1327 1274 1523 1351 Neque
1558 1279 1713 1336 etiam
1759 1278 1924 1339 ullum
1972 1285 2114 1344 aliud

162 1381 466 1458 symptoma
491 1380 751 1457 perpessus
775 1382 888 1440 sum
914 1393 1038 1439 toto
1064 1382 1154 1440 illo
1188 1395 1464 1459 tempore,
1508 1403 1623 1460 quo
1666 1386 1774 1445 hoc
1806 1389 1991 1449 labore
2022 1393 2113 1451 de-

161 1502 337 1548 tentus
359 1489 458 1546 fui:
502 1502 688 1564 praeter
713 1488 872 1560 illud,
915 1488 1068 1564 quod
1093 1490 1219 1548 mihi
1243 1492 1333 1566 pili
1355 1493 1606 1549 nonnulli
1635 1513 1664 1551 e
1685 1510 1873 1557 mento
1908 1500 2112 1558 decide-

156 1611 298 1662 rent,
341 1616 466 1655 cum
494 1595 646 1655 semel
671 1596 845 1660 studio
869 1596 1038 1673 digito
1060 1598 1216 1656 succo
1243 1597 1409 1655 lacteo
1435 1599 1743 1660 humectato
1767 1619 2010 1667 mentum
2031 1622 2109 1668 at.

155 1707 430 1781 tingerem.

412 1813 567 1870 Hanc
590 1814 835 1871 virtutem
861 1818 1023 1890 leporis
1049 1821 1229 1869 marim·
1252 1813 1337 1870 seu
1356 1820 1531 1871 lernaeae
1568 1817 1934 1893 depilatoriam
1965 1821 2105 1880 Dio<-

155 1939 392 1980 scoRmEs
423 1939 648 1998 quoque
668 1920 992 1995 indigitavit:
1037 1921 1180 1978 unde
1206 1920 1323 1977 licet
1348 1923 1532 1980 omnia
1563 1926 1702 1981 mala
1737 1925 1955 2000 ipsemet
1986 1944 2104 1986 non

150 2043 395 2104 expertus
422 2029 539 2100 fim,
579 2023 700 2104 quae
723 2027 875 2105 supra
908 2046 970 2086 ex
1007 2031 1274 2087 variorum
1310 2027 1511 2105 scriptis
1543 2031 1769 2105 adduxi,
1819 2032 1937 2091 haec
1970 2047 2103 2093 atta-

152 2154 278 2196 men
300 2139 370 2195 ita
399 2138 606 2196 evenire
625 2138 842 2193 minime
865 2134 1092 2207 dubito,
1130 2136 1319 2209 quodsi
1344 2138 1595 2196 nimirum
1626 2140 1948 2200 venenosum
1974 2141 2103 2202 hoc-

150 2264 210 2304 ce
233 2246 427 2303 animal
450 2245 594 2301 intus
614 2243 908 2301 assumatur.
994 2243 1137 2300 Cum
1166 2246 1309 2300 enim
1333 2243 1447 2301 solo
1472 2248 1643 2304 odore
1668 2246 1726 2304 &
1755 2249 1952 2307 attactu
1972 2267 2100 2307 nau-

147 2353 287 2410 seam
309 2351 765 2411 vomituritionem
790 2350 847 2408 &
883 2364 1150 2408 tumorem
1189 2353 1413 2410 excitare
1445 2355 1644 2427 valeat3
1683 2356 1857 2414 multo
1895 2358 2099 2431 majora

145 2459 268 2518 fitne
292 2460 430 2518 mala
453 2460 745 2535 producet,
784 2459 818 2515 fi
843 2461 982 2516 intus
1006 2459 1334 2534 propinetur.
1418 2463 1573 2539 Qin
1605 2465 1717 2523 imo
1756 2464 1920 2538 ipfiim
1953 2482 2098 2522 mor-

144 2580 254 2627 tem
278 2567 488 2624 homini
509 2567 710 2625 adferre
728 2566 872 2640 poste
900 2566 1048 2625 haud
1074 2565 1299 2625 dubium
1324 2570 1421 2633 est,
1464 2571 1624 2629 veluti
1657 2572 1886 2630 historici
1908 2571 2098 2630 testan-

142 2688 259 2748 tur,
315 2673 617 2735 referentes:
662 2676 1025 2733 DOMITIANUM
1050 2674 1108 2733 &
1135 2675 1400 2733 NERONEM
1420 2680 1475 2736 in
1499 2678 1592 2736 usu
1636 2679 1897 2752 habuisffi,
1939 2697 2095 2738 vene-

141 2800 219 2842 no
254 2787 419 2860 leporis
453 2793 634 2843 marini
667 2783 911 2845 homines
942 2784 1289 2858 interrimere,
1357 2804 1467 2862 qua
1497 2801 1671 2850 morte
1707 2790 1869 2850 etiam
1908 2787 2093 2846 Titum

142 2888 333 2970 periisse
355 2892 519 2967 ajunt.

1088 3000 1144 3058 G
1181 3023 1222 3062 2
1383 3051 1394 3060 .
1954 3004 2018 3064 ln
