2513 3435
856 55 952 114 Dr.
1015 53 1310 115 LERNAEA.
1518 53 1553 93 fi
2039 93 2073 145 9

290 159 293 163 ¹
358 175 448 237 Ad
490 174 666 236 bafim'
694 173 986 253 pharyngis
1021 177 1166 235 aliud
1202 177 1358 236 limile
1403 181 1676 256 ganglium
1715 190 1975 263 occurrit,
2016 195 2071 256 in

108 305 224 368 quo
250 286 364 346 duo
390 285 653 344 duntaxat
675 283 944 341 filamenta
969 288 1213 361 propria,
1256 285 1563 348 &totidem
1590 297 1897 354 communia
1940 314 2070 371 pro..

107 399 292 459 deunt.
368 394 659 452 Filamenta
698 389 964 466 superiora
1006 392 1093 450 seu
1132 396 1378 470 propria,
1424 415 1473 471 q.
1499 416 1552 473 q.
1588 404 1871 479 postquam
1905 404 2066 468 basim

105 504 401 584 pharyngis
438 500 679 577 amplexa
723 496 872 571 sunt,
915 500 971 557 in
1013 503 1271 575 parietem
1319 505 1457 564 dorsi
1501 508 1767 567 internum
1804 511 2064 577 desinunt.

104 616 146 675 F
150 613 396 672 ilamenta
421 627 548 668 vero
573 607 817 667 inferiora
841 626 963 666 cum
989 612 1185 688 ganglii
1211 615 1502 672 ventriculo
1538 613 1906 696 superjacentis
1937 622 2063 684 dex-

103 722 251 782 tri&
273 719 449 779 finistri
469 717 744 775 filamentis
769 719 1076 776 communia
1107 721 1452 780 constituunt.

360 824 573 904 Qodfi
596 825 811 902 ganglia
835 827 1129 885 ventriculo
1158 826 1535 905 superjacentia
1557 831 1737 892 leniter
1772 837 2059 913 eleventur,

102 950 265 1015 atque
289 933 605 996 ventriculus
640 932 811 992 versus
844 932 1090 994 inferiora
1128 937 1503 1013 protrudatur,
1545 941 1641 1000 sub
1673 942 1963 1022 aesophago
1999 950 2059 1006 δε

101 1048 342 1126 proxime
366 1042 437 1101 ad
467 1044 737 1099 internum
775 1043 914 1101 dorsi
934 1047 1197 1120 ‘parietem
1234 1047 1330 1105 alia
1364 1050 1462 1106 tria
1498 1054 1709 1127 ganglia
1748 1056 1804 1111 in
1840 1055 2059 1132 conspe-

101 1159 246 1216 ctum
269 1154 518 1223 veniunt,
559 1169 682 1226 quae
707 1170 830 1209 cum
855 1152 1071 1212 duobus
1094 1153 1511 1232 praecedentibus
1534 1178 1640 1235 ope
1661 1159 2059 1224 filamentorum

102 1262 475 1324 communium
501 1277 747 1318 connexa
770 1260 906 1320 fimt.
985 1263 1052 1321 In
1074 1261 1170 1322 fitu
1189 1268 1414 1324 naturali
1448 1269 1637 1325 cuncla
1668 1247 1928 1328 delineare
1959 1274 2058 1331 im-

102 1370 340 1450 poffibile
362 1382 497 1433 erat,
541 1368 669 1425 hinc
704 1388 890 1429 eorum
916 1369 1145 1432 formam
1188 1387 1352 1449 atque
1388 1393 1588 1435 nexum
1627 1376 1738 1451 Fig.
1778 1397 1824 1447 3.
1862 1397 2057 1454 reprae-

102 1482 334 1550 sentavi3
379 1481 433 1536 in
458 1496 566 1552 qua
588 1478 799 1553 ganglia
822 1499 869 1536 a.
890 1499 937 1537 oz.
965 1500 1016 1541 a,
1049 1481 1133 1539 illa
1169 1481 1320 1554 sunt,
1363 1502 1486 1558 quae
1522 1481 1617 1541 sub
1652 1485 1946 1563 aesophago
1976 1491 2056 1564 ja-

102 1602 256 1659 cent,
294 1588 337 1644 b.
359 1587 401 1642 b.
426 1585 635 1661 ganglia
658 1587 955 1646 ventriculo
979 1591 1160 1664 primo
1184 1590 1472 1650 insidentia.
1499 1615 1540 1649 c.
1567 1616 1606 1649 c.
1635 1617 1676 1652 c.
1700 1618 1741 1652 c.
1796 1596 1837 1651 F
1840 1596 2056 1655 ilamen-

101 1711 158 1756 ta
183 1695 494 1754 communia
528 1696 742 1771 ganglia
777 1696 910 1754 inter
945 1694 996 1754 se
1048 1702 1459 1774 conjungentia,
1505 1700 1738 1778 denique
1773 1705 1822 1761 d,
1844 1708 1893 1761 d.
1923 1708 1971 1761 d.
2004 1709 2055 1764 d.

103 1805 369 1865 filamenta
399 1802 736 1878 gangliorum
761 1807 1010 1878 propria,
1054 1803 1278 1864 absciffa.
1386 1870 1392 1875 ἡ

260 1905 262 1908 ’
365 1910 561 1986 Neque
586 1909 672 1970 hic
698 1909 973 1971 absolutus
997 1913 1069 1971 est
1093 1914 1434 1991 gangliorum
1463 1933 1747 1991 numeruS,
1786 1915 1874 1979 sed
1909 1919 2055 1980 aliud

106 2020 273 2097 paulo
301 2019 451 2097 supra
474 2019 721 2095 vaginam
746 2021 896 2078 fitum
917 2022 1017 2094 est,
1052 2022 1207 2099 quod
1234 2043 1262 2080 e
1285 2043 1517 2100 corpore
1543 2027 1830 2086 extractum
1858 2029 1966 2105 Fig.‚
1996 2049 2052 2099 4.

102 2130 428 2190 'delineatum
452 2141 706 2204 apparet3
742 2128 838 2187 ubi
865 2129 1011 2188 simul
1046 2129 1440 2206 conspiciuntur
1480 2135 1593 2193 duo
1633 2136 1901 2194 filamenta
1937 2158 1984 2194 a.
2006 2158 2054 2199 a.

108 2257 139 2298 a
163 2239 363 2314 ganglii
390 2235 779 2313 appendicibus
803 2238 931 2299 albis
956 2240 1000 2297 b.
1025 2242 1068 2298 b.
1095 2240 1469 2316 procedentia,
1511 2257 1672 2319 atque
1698 2244 1796 2301 tria
1820 2243 1919 2301 alia
1945 2269 1985 2302 c.
2011 2270 2052 2304 c.

107 2372 149 2407 c.
183 2366 214 2405 a
237 2362 464 2421 corpore
492 2346 686 2423 ganglii
713 2348 878 2406 rubro
906 2351 955 2406 d.
984 2363 1198 2421 exorta,
1224 2368 1346 2425 quae
1372 2353 1619 2427 vaginam
1647 2365 1811 2428 atque
1836 2353 1935 2411 alia
1959 2353 2055 2413 viss

111 2474 227 2516 cera
253 2453 708 2532 superscandentia
735 2472 959 2533 quoque
979 2460 1167 2534 parieti
1193 2460 1329 2517 dorsi
1350 2461 1562 2518 interno
1592 2460 1902 2520 inseruntur.

364 2564 561 2622 Miram
599 2563 801 2623 hancce
835 2568 1172 2642 gangliorum
1208 2570 1708 2627 concatenationem
1746 2570 1876 2651 nihil
1908 2570 2050 2631 aliud

113 2670 208 2731 elle
247 2691 410 2750 quam
445 2678 621 2730 lernaeae
641 2673 928 2731 medullam
961 2672 1243 2749 spinalem,
1284 2677 1504 2753 quilibet
1539 2679 1595 2735 in
1631 2692 1885 2738 anatome
1921 2681 2049 2739 inst:-

113 2781 322 2841 {lorum
355 2781 581 2841 versatus
621 2781 769 2841 facile
800 2801 1012 2842 mecum
1042 2781 1364 2858 consentiet,
1402 2801 1566 2864 atque
1595 2785 1741 2845 fimul
1774 2788 2049 2864 agnoscet:

112 2888 308 2950 nullius
329 2895 514 2951 vermis
539 2906 630 2950 aut
654 2891 1096 2968 inseclispinalem
1131 2893 1416 2954 medullam
1457 2910 1567 2955 tam
1602 2895 1843 2972 singulari
1878 2896 2053 2956 modo

1026 3005 1069 3063 Β
1852 3022 1984 3065 con-
