2513 3435
352 147 425 205 76
1131 133 1358 190 CAPUT
1409 137 1518 212 IV,

358 255 695 332 prehendens
715 259 989 311 Mentulam
1014 253 1298 332 &polypum
1314 241 1607 333 paludosam
1632 270 1892 334 tanquam
1912 258 2116 334 species.
2171 259 2306 317 Meo

333 430 336 431 ⁷
362 364 522 422 videri
529 370 722 440 polypus
739 364 966 438 palffl'ris
987 365 1267 436 proprium
1288 382 1454 438 genus
1484 366 1790 438 constituit,
1828 364 1884 423 δε
1916 368 1992 424 ob
2031 365 2308 441 singulares

364 468 479 526 suas
506 470 881 545 proprietam,
922 469 1284 545 diversamque
1304 469 1562 543 formam,
1593 473 1678 531 aad
1714 477 1938 546 Hydram
1975 472 2314 530 reducendus

366 596 483 634 non
509 579 595 637 est.
676 579 805 635 Haec
826 579 965 633 enim
990 579 1136 650 juxta
1181 576 1264 636 Cl.
1288 577 1547 634 LINNAEUM
1576 581 1645 636 (⁰)
1684 601 1847 656 corpus
1883 581 2047 636 habet
2085 582 2313 649 cylindri-

368 708 507 756 cum,
547 689 795 741 tentacula
807 687 959 759 plura
988 691 1042 739 in
1078 659 1468 753 circumferentia
1501 693 1703 761 capitis,
1747 689 1839 762 qui
1871 686 2135 759 charafier
2173 686 2315 760 opti·
2362 714 2365 717 ⁴

367 811 451 848 me
472 796 702 846 Mentulae
727 791 980 847 Veterum
996 834 1012 861 ‚
1055 789 1268 846 minime
1291 808 1417 848 vero
1444 793 1694 850 omnibus
1709 800 1862 871 polypi
1866 797 2093 871 palastris
2110 793 2313 850 Recen-

368 903 567 958 tiorum
589 898 853 974 speciebus
879 898 1145 954 convenit.
1223 897 1386 956 Unde
1411 912 1677 974 optarem,
1697 914 1755 957 ut
1776 902 1883 957 sola
1910 901 2156 975 deinceps
2175 907 2316 955 Men-

371 1011 478 1062 tula
528 1007 584 1062 δι’.
628 1007 784 1078 hujus
806 1003 1128 1077 detegendae
1170 1002 1358 1077 species
1398 1009 1577 1077 Hydrae
1610 1011 1830 1066 nomine
1882 991 2310 1080 intelligerentur.

372 1113 718 1170 Contrarium
742 1126 920 1169 tamen
944 1112 1067 1168 huic
1089 1129 1212 1168 meo
1245 1125 1380 1169 voto
1419 1113 1499 1169 Cl.
1534 1113 1792 1173 LINNAEUM
1826 1113 2020 1185 sedile,
2066 1116 2124 1170 in
2158 1112 2314 1189 syste-

371 1220 523 1276 matis
543 1232 744 1277 naturae
767 1219 1000 1275 editione
1027 1220 1228 1276 decima
1247 1221 1330 1274 (Ὅ
1361 1218 1616 1290 obierv03
1663 1223 1753 1296 qui
1791 1221 1885 1278 sub
1911 1224 2091 1294 Hydrae
2124 1235 2315 1293 genere

373 1327 538 1384 varias
559 1326 820 1383 duntaxat
830 1330 983 1403 pohtpi
989 1331 1214 1402 paludosi
1232 1327 1420 1401 species
1445 1328 1667 1400 locavit,
1707 1328 1957 1387 mentulae
1991 1347 2119 1388 vero
2159 1326 2316 1384 mari-

374 1451 458 1494 nae
478 1436 531 1491 in
555 1447 678 1491 toto
704 1435 977 1509 systemate
996 1434 1205 1491 animali
1228 1437 1428 1494 oblitus
1453 1437 1538 1493 est.

631 1540 711 1598 Cl.
751 1544 915 1615 JANUs
948 1543 1183 1600 PLANcUs
1220 1545 1295 1599 (m)
1330 1543 1545 1618 quidem
1575 1543 1851 1618 cujusdam
1871 1547 2102 1599 Mentulae
2122 1547 2318 1598 marinae

360 1668 533 1724 penem
571 1658 807 1705 caninum
851 1655 1099 1720 referentis
1139 1650 1411 1707 meminit:
1466 1650 1581 1707 haec
1623 1664 1803 1706 tamen
1843 1668 1945 1707 nec
1983 1653 2211 1706 Mentula
2244 1647 2316 1704 ad

376 1756 618 1813 Mentem
656 1757 908 1814 Veterum
944 1759 1049 1828 est,
1089 1774 1291 1831 neque,
1328 1768 1387 1812 ut
1410 1757 1490 1812 CI.
1518 1758 1716 1813 Auctor
1748 1759 2022 1833 opinatur,
2057 1757 2320 1828 Thethyum
2397 1833 2403 1837 ι

378 1864 664 1923 constituit.
744 1864 930 1921 Pareat
956 1866 1049 1923 Vir
1073 1865 1154 1920 Cl.
1194 1865 1260 1920 de
1282 1867 1426 1938 cujus
1448 1865 1692 1938 acquisita
1718 1866 1943 1921 amicitia
1970 1865 2045 1921 ob
2069 1863 2323 1939 fingulare

377 1969 650 2044 ingenium
672 1969 728 2026 &
757 1969 1044 2042 summam,
1086 1989 1193 2044 qua
1216 1970 1406 2045 pollet,
1449 1970 1799 2026 eruditionem
1827 1970 1953 2026 mihi
1975 1990 2135 2045 quam
2161 1970 2325 2026 maxi-

380 2095 466 2133 me
492 2075 753 2151 gratulor:
796 2076 946 2151 quod
971 2076 1141 2149 ipsum
1165 2078 1266 2134 hac
1293 2079 1348 2133 in
1375 2096 1430 2134 re
1450 2079 1779 2151 aliquantum
1811 2077 2176 2134 halucinatum
2210 2074 2323 2131 fuist

381 2183 458 2254 se,
498 2181 644 2240 effari
678 2181 926 2240 debeam:
980 2185 1209 2241 veritatis
1248 2203 1428 2256 amor,
1482 2184 1538 2240 &
1577 2197 1732 2241 certae
1769 2202 1946 2240 rerum
1981 2185 2188 2240 notitiae
2224 2185 2322 2240 stu·

381 2289 528 2346 dium
551 2309 634 2345 me
654 2289 723 2346 ad
747 2291 802 2347 id
826 2291 1119 2363 impellunt.
1146 2344 1159 2357 ,
1198 2291 1393 2365 Neque
1422 2293 1562 2348 enim
1597 2292 1697 2348 hac
1729 2290 2004 2346 occasione
2039 2291 2320 2346 minimum

383 2396 515 2471 quid
539 2398 605 2454 de
632 2397 713 2454 Cl„
737 2398 846 2453 Viri
867 2397 1004 2453 fama
1035 2397 1093 2453 &
1124 2396 1329 2454 scientia
1354 2397 1640 2471 derogare,
1681 2396 1767 2452 sed
1797 2397 1925 2453 illud
1962 2396 2219 2452 duntaxat
2245 2397 2322 2453 in-

384 2503 557 2560 dicare
580 2505 767 2579 cupio:
813 2505 965 2578 quod
990 2503 1223 2578 pluribus
1246 2518 1451 2562 naturae
1476 2503 1717 2567 CuriosIS,
1745 2521 1865 2559 cum
1894 2503 2182 2566 VeteribuS,
2202 2515 2320 2558 tum

385 2610 651 2666 modernis
677 2611 884 2674 accidit,
927 2611 1195 2685 &inquo
1232 2614 1386 2668 unica
1421 2611 1649 2668 versatur
1693 2612 1861 2679 rati03
1900 2613 2056 2684 quod
2092 2608 2233 2667 hanc
2271 2609 2326 2666 in

383 2734 551 2792 usque
571 2717 709 2775 diem
731 2719 1082 2792 plurimorum
1106 2719 1434 2776 marinorum
1453 2718 1757 2776 animalium
1779 2718 2024 2776 mancam
2061 2717 2118 2774 &
2158 2719 2322 2775 incer·

2134 2837 2245 2883 tam

530 2962 545 3011 (
566 2958 580 2971 ⁸
603 2954 619 3002 )
655 2958 754 2998 Vide
777 2957 946 3011 Systema
971 2968 1046 2999 nat.
1073 2959 1163 3000 edit.
1196 2959 1263 2999 V'I.

524 3014 578 3066 ('“
601 3013 616 3061 )
648 3014 747 3054 Vide
770 3029 807 3066 p.
836 3018 929 3058 816.

528 3071 626 3121 (Μ)
658 3074 699 3110 L.
727 3072 772 3110 de
799 3071 966 3110 Com-his
990 3073 1115 3110 minus
1138 3072 1236 3109 notis
1259 3072 1356 3110 Part.
1389 3072 1454 3109 ΙΙΙ.
1481 3070 1572 3122 Cap.
1601 3070 1665 3109 ΙΙΙ.
1692 3070 1786 3109 Tab.
1814 3071 1863 3108 V.
1891 3071 1973 3124 Fig.
2001 3069 2049 3107 V.
