2513 3435
976 75 1069 131 De
1128 74 1331 132 Amo.
2045 97 2112 156 57

175 207 253 263 los
288 206 535 282 ponitur,
578 200 724 260 haud
760 196 1220 256 determinandum
1259 193 1341 255 est.
1428 197 1613 255 Ovalis
1649 202 1841 257 etenim
1882 208 2116 278 corporis

172 313 359 389 figura,
400 313 455 369 δε
481 310 666 368 eadem
693 308 796 365 fere
824 311 878 364 in
899 307 1311 365 circumferentia
1337 307 1589 363 diameter
1607 310 1804 367 nullam
1831 311 2114 372 distmffio-

170 438 296 477 nem
343 420 524 496 capitis
565 417 703 474 facit.
798 414 1090 473 Tentacula
1123 432 1250 474 vero
1284 413 1454 473 versus
1488 427 1780 493 ¹utramque
1821 424 2112 479 extremita-

171 543 279 588 tem
317 528 624 605 apparentia
657 527 705 586 b.
733 525 774 581 b.
812 547 850 579 c.
880 548 918 581 c.
964 523 1232 599 aequaliter
1267 540 1371 597 pro
1409 526 1583 599 capite
1615 528 1856 584 militant.
1935 532 2111 605 Qod

166 639 202 694 fi
231 651 410 695 tamen
434 635 737 692 alterutram
779 648 1012 709 partem,
1048 632 1150 691 hac
1183 632 1388 689 ratione
1406 633 1593 691 fituato
1616 634 1857 707 animali,
1904 654 2004 713 pro
2030 656 2107 694 ca-

167 748 275 820 pite
301 744 420 819 quis
442 741 662 799 salutare
687 739 928 811 deberet,
961 739 1100 795 illam
1122 737 1269 794 haud
1298 738 1459 795 dubie
1483 739 1709 816 eligeret,
1737 744 1790 800 in
1813 761 1920 817 qua
1941 756 2109 801 tenta-

165 852 280 916 cula
297 849 503 907 ramosa
529 840 954 922 conspiciuntur3
975 866 1097 905 cum
1115 844 1310 904 ibidem
1336 846 1482 904 simul
1502 850 1859 924 prominentia
1878 853 2110 925 pyrami-

161 960 289 1021 dalis
320 962 366 1014 d.
405 957 661 1014 foramine
692 955 936 1019 instrueta
971 971 1245 1031 appareat,
1295 976 1456 1035 quam
1477 958 1582 1015 oris
1608 955 1843 1015 officium
1871 959 2110 1033 praestare

162 1067 496 1143 supponeret.

390 1173 505 1229 *Ast
536 1183 768 1230 vertatur
804 1171 1027 1244 animal,
1073 1172 1131 1229 ὃς
1160 1173 1436 1247 apparebit
1484 1183 1643 1245 caput
1682 1173 1737 1229 in
1773 1192 1834 1231 ea
1866 1177 2106 1251 corporis

162 1293 310 1354 parte
348 1280 497 1337 situm
536 1278 658 1351 esse,
699 1280 796 1337 ubi
830 1280 1096 1337 tentacula
1127 1280 1310 1337 teretia
1342 1280 1666 1356 prominent.
1748 1281 1839 1340 His
1880 1285 2020 1338 enim
2051 1284 2107 1339 in

162 1399 388 1447 ventree
411 1386 671 1465 diametro
707 1404 769 1444 os
805 1408 852 1442 a.
885 1388 1208 1462 opponitur,
1251 1405 1372 1443 curn
1410 1387 1518 1446 aliis
1557 1386 1772 1447 duobus
1817 1390 2104 1447 tentaculis.
2126 1398 2275 1471 figura
2297 1415 2340 1462 5·

160 1498 203 1552 b.
228 1498 270 1550 b.
343 1497 486 1551 Cum
513 1511 639 1550 vero
666 1493 735 1549 ab
758 1493 1009 1552 omnibus
1033 1511 1133 1568 pro
1154 1494 1332 1568 regula
1354 1507 1622 1568 receptum
1644 1495 1729 1567 fit,
1767 1495 1909 1554 illam
1934 1499 1991 1555 in
2017 1517 2107 1554 cu-

153 1605 449 1677 juscunque
473 1600 713 1657 animalis
735 1618 961 1676 corpore
981 1615 1189 1673 partem
1227 1614 1387 1676 caput
1423 1601 1706 1675 appellari,
1747 1621 1866 1680 quae
1898 1623 1993 1661 ore
2028 1619 2107 1663 at-

158 1728 264 1786 que
290 1708 503 1765 oculisa
527 1721 716 1764 natura
741 1708 983 1765 instructa
1021 1709 1120 1779 est,
1163 1708 1370 1765 nullum
1405 1710 1631 1768 dubium
1667 1725 1931 1784 remanet,
1973 1716 2105 1788 quin

159 1825 264 1894 argi
290 1827 445 1890 caput
472 1832 600 1871 mox
628 1814 760 1870 dicta
789 1832 908 1889 pars
931 1815 1233 1873 constituat.

408 1922 593 1994 Caput
616 1923 796 1997 itaque
819 1926 965 2000 Argi,
1005 1940 1122 1979 non
1148 1922 1318 1996 secus,
1359 1942 1423 1980 ac
1450 1936 1628 1983 totum
1651 1926 1757 2001 ejus
1781 1942 1973 2001 corpus
2007 1929 2100 1987 effe
2115 1923 2266 1996 sagara
2284 1943 2333 1992 4·

155 2031 293 2102 dixi,
331 2028 744 2106 plagioplateum
763 2029 862 2100 est,
894 2029 1091 2105 septem
1114 2031 1272 2090 lineas
1293 2032 1548 2106 longum,
1570 2033 1627 2090 &
1647 2034 1891 2111 pollicem
1914 2036 2101 2111 latum,

156 2140 212 2195 in
240 2141 385 2214 cujus
403 2149 553 2211 parte
574 2153 748 2210 prona
772 2137 886 2193 duo
921 2139 1185 2195 tentacula
1219 2141 1401 2196 teretia
1431 2142 1473 2196 h.
1501 2142 1545 2196 h.
1593 2141 1786 2198 lineam
1820 2143 2001 2217 crassa,
2041 2146 2101 2203 δε

154 2254 386 2319 quatuor
408 2242 567 2300 lineas
584 2243 749 2317 longa
774 2243 1023 2301 eminent.
1089 2244 1328 2301 Dimidia
1349 2246 1545 2303 horum
1567 2248 1956 2306 tentaculorum
1979 2269 2101 2327 por-

151 2351 228 2407 tio
254 2348 338 2406 seu
365 2349 492 2407 bafis
517 2349 638 2406 alba
655 2349 757 2420 est,
794 2351 851 2405 in
869 2349 1062 2410 foss‘ulis
1082 2352 1330 2410 rotundis
1359 2378 1396 2410 e.
1428 2377 1467 2410 e.
1521 2355 1576 2411 in
1604 2354 1886 2413 substantia
1915 2360 2099 2432 capitis

147 2455 221 2512 ad
245 2456 467 2514 duarum
500 2455 753 2514 linearum
787 2457 1207 2531 profunditatem
1238 2463 1495 2521 excavatis
1529 2463 1634 2520 fita.
1710 2464 1861 2538 Apex
1892 2467 2098 2538 punctis

148 2565 310 2637 nigris
333 2564 574 2639 undique
607 2576 825 2622 notatus
854 2579 998 2623 extra
1033 2565 1241 2624 foffulas
1272 2569 1570 2643 prominet3
1611 2583 1773 2645 atque
1807 2571 1973 2647 figura
2006 2573 2094 2632 sua

110 2740 117 2746 ·
149 2668 382 2728 nascenti
421 2674 561 2726 boleto
596 2675 829 2745 estalenta
857 2679 1041 2751 rugcst,
1083 2675 1342 2739 affluenti,
1382 2680 1749 2754 quafifulzgine
1784 2682 1981 2750 infesto,
2025 2682 2093 2736 ζ’)

147 2793 264 2836 non
286 2774 527 2839 diffimilis
549 2779 636 2838 est.
706 2778 907 2840 Puncta
929 2781 1012 2839 illa
1033 2782 1187 2857 nigra
1211 2783 1266 2840 in
1299 2782 1473 2858 apice,
1515 2783 1619 2847 bafi
1647 2786 1808 2861 paulo
1837 2788 2092 2862 craffiore‚

1066 2888 1091 2946 1
1133 2907 1168 2943 2
1943 2895 2018 2955 ffl-

295 3013 365 3068 (“)
402 3016 587 3060 chntu
611 3019 713 3062 Nov·
739 3031 829 3073 geu.
853 3020 974 3075 plant.
999 3033 1039 3077 p.
1065 3029 1165 3075 203.
1192 3021 1240 3064 T.
1267 3023 1333 3075 85.
1359 3020 1442 3076 Fig.
1464 3030 1506 3067 2.
