2513 3435
437 122 515 178 24
1244 103 1481 160 CAPUT
1532 99 1572 156 1.

1279 226 1345 315 35.
1409 224 1533 292 XI.

437 333 714 494 Hepar
737 346 923 390 omnes
943 326 1308 386 intestinorum
1332 347 1497 404 gyros
1534 329 1908 387 concomitans
1945 327 2001 385 in
2039 336 2126 385 tot
2167 327 2274 386 fiere
2309 328 2387 385 Io·

539 424 541 426 ¹
631 442 731 498 bos
758 437 1087 514 dispescitur,
1126 437 1180 492 in
1207 448 1346 511 quot
1367 437 1607 494 intestina
1625 455 1791 512 gyros
1811 448 2269 510 contorquentur3
2309 448 2389 493 at-

439 570 545 628 que
569 561 731 607 tantae
752 547 904 604 molis
930 544 1029 616 est,
1072 556 1132 600 ut
1157 544 1402 601 omnium
1445 541 1702 602 viscerum
1732 542 1877 601 fimul
1916 542 2249 617 sumptorum
2281 560 2407 599 arn--⁴

437 658 757 734 plitudinem
801 652 949 711 facile
985 649 1293 725 assequatur.
1375 651 1703 710 Extrinsecus
1736 650 2048 708 membrana
2092 648 2387 708 tenuiffima

438 784 533 824 ceu
561 764 896 840 peritoneum
921 757 1047 817 illud
1072 758 1328 831 obducit,
1370 772 1532 835 atque
1557 760 1613 816 in
1635 762 1742 834 ejus
1766 758 1903 816 finus
1922 757 1981 815 δε
2011 757 2259 817 divisuras
2281 776 2384 834 pro

436 885 588 946 parte
611 868 890 927 descendit.
973 866 1143 924 Color
1166 865 1371 953 heffitis
1394 885 1457 925 ex
1477 867 1626 927 viridi
1656 866 1824 924 fuscus
1858 868 1959 937 est,
1999 864 2283 924 substantia
2321 882 2386 924 ex

436 979 720 1038 innumeris
739 975 968 1053 granulis
987 972 1095 1031 fors
1113 974 1341 1032 totidem
1363 974 1625 1051 glandulis
1647 986 2052 1049 coagmentata,
2083 991 2215 1049 quas
2236 971 2386 1047 glan-

417 1074 589 1144 dulas
616 1083 821 1142 vaicula
841 1081 1160 1139 subtiliffima
1184 1081 1424 1157 undique
1449 1083 1702 1160 cingunt,
1727 1094 1889 1157 atque
1911 1093 2202 1158 pereptant.
2279 1078 2385 1135 Ve-

431 1191 582 1250 ficula
603 1190 750 1248 fellea
774 1189 916 1246 nulla
945 1191 1001 1245 in
1037 1206 1103 1245 eo
1128 1189 1306 1245 existit.
1390 1190 1585 1247 Utrum
1607 1208 1734 1248 vero
1764 1190 1949 1247 ductus
1979 1187 2145 1248 biliofi
2179 1204 2242 1244 ex
2277 1187 2384 1261 ejus

436 1299 720 1356 substantia
740 1297 898 1356 veluti
923 1298 980 1353 in
1005 1296 1340 1354 cochlearum
1362 1312 1555 1371 genere
1581 1298 1650 1352 (’)
1678 1295 1979 1354 immediate
2002 1277 2244 1353 intestina
2265 1292 2386 1352 sub·

439 1418 590 1477 eant,
633 1403 907 1462 observare
925 1404 1056 1460 mihi
1091 1420 1211 1460 non
1243 1403 1402 1459 licuit.
1482 1404 1694 1458 Interim
1728 1403 1901 1459 nullus
1932 1402 2128 1460 dubito
2165 1421 2276 1462 rem
2310 1405 2384 1462 ita¹

437 1512 487 1570 se
511 1513 733 1570 habere:
779 1529 901 1569 cum
930 1510 1054 1585 quia
1094 1511 1356 1566 innumeri
1388 1509 1747 1569 viriclescentes
1781 1509 1965 1567 surculi
2006 1529 2070 1568 ex
2105 1510 2296 1586 hepate
2326 1512 2384 1570 in

436 1620 676 1678 intestina
700 1618 747 1675 {e
770 1618 1019 1676 insertum
1043 1630 1195 1682 eunt,
1237 1617 1329 1693 qui
1353 1615 1502 1675 haud
1530 1616 1673 1674 aliud
1703 1636 1865 1692 quam
1893 1617 2079 1675 dubius
2099 1617 2384 1679 choledoci

434 1729 582 1800 sunt,
622 1741 683 1784 ut
713 1727 890 1784 saltem
922 1725 1073 1781 color
1110 1744 1297 1782 eorum
1328 1723 1555 1794 indicat3
1593 1738 1712 1780 tum
1743 1741 1897 1788 ver0,
1950 1726 2076 1799 quia
2106 1724 2295 1783 scibala
2323 1728 2380 1788 in

433 1837 687 1893 intestinis
711 1834 862 1892 viridi
882 1832 1061 1890 colore
1088 1833 1254 1890 tincta
1277 1831 1427 1901 sunt,
1465 1848 1586 1903 quae
1609 1831 1756 1888 hunc
1779 1830 2015 1888 colorem
2043 1831 2189 1889 haud
2215 1832 2380 1893 dubie

433 1962 538 2020 pro
562 1954 713 2015 parte
739 1961 770 1998 a
791 1940 895 1999 bile
927 1940 1322 2015 participarunt.
1406 1938 1578 2010 Sapor
1621 1936 1826 2009 hepatis
1856 1957 2063 1999 amarus
2101 1941 2202 2015 est,
2241 1914 2383 2001 amass

435 2052 541 2109 rior
567 2049 686 2121 1110,
726 2049 817 2125 qui
839 2050 895 2104 in
919 2047 1135 2104 cochlea
1156 2049 1428 2104 vinearum
1447 2045 1722 2120 experitur.

1259 2196 1326 2285 ᾗ.
1387 2194 1553 2263 XII.

440 2368 749 2524 Organa
772 2360 1124 2438 generationis
1146 2358 1510 2416 masculina&
1549 2355 1828 2415 foeminina
1868 2359 2080 2435 singulae
2127 2365 2303 2419 lernaeae
2346 2382 2377 2422 a

621 2485 808 2527 natura
830 2466 1066 2525 concess‘a
1088 2465 1232 2532 sunt,
1277 2484 1397 2541 quae
1428 2463 1617 2522 cuneta
1645 2466 1698 2521 in
1737 2466 1923 2524 eadem
1956 2471 2178 2526 cavitate
2206 2469 2377 2528 abdo-

436 2581 587 2639 minis
607 2567 989 2648 collocantur,
1009 2576 1062 2631 in
1089 2592 1193 2650 qua
1216 2592 1344 2631 mox
1369 2590 1673 2635 enumerata
1706 2574 1894 2634 viscera
1922 2575 2011 2631 fita
2036 2573 2172 2632 sunt.
2244 2577 2381 2636 Non

437 2688 621 2748 eadem
644 2686 848 2742 ratione
871 2703 930 2741 ac
953 2684 1006 2739 in
1038 2681 1255 2739 cochlea
1288 2683 1590 2740 coadunata
1629 2683 1925 2752 habentur,
1966 2682 2052 2739 sed
2089 2681 2377 2742 masculina

439 2815 471 2853 a
495 2793 786 2850 foemininis
806 2795 1001 2865 partim
1026 2791 1187 2865 longe
1213 2788 1436 2861 distant,
1479 2789 1940 2866 quemadmodum
1966 2791 2144 2862 peni53
2184 2792 2381 2867 partim

438 2919 595 2972 ver0,
639 2901 714 2956 uti
738 2897 995 2955 testiculus
1025 2897 1080 2954 &
1105 2915 1193 2954 vas
1220 2895 1454 2953 deferens
1477 2898 1610 2954 inter
1628 2895 1677 2953 st
1703 2898 1853 2953 unita
1878 2893 2012 2954 sunt.
2270 2898 2378 2957 Va..

585 3029 651 3084 (⁰)
681 3030 770 3073 via.
795 3031 1091 3073 SWAMMERDAM
1113 3026 1203 3069 bibl.
1228 3040 1305 3070 nat.
1329 3017 1367 3084 p‘.
1403 3037 1495 3083 123.
1521 3026 1616 3070 Tab.
1643 3028 1690 3069 v.
1718 3026 1894 3082 Fig.V1.
