2513 3435
936 117 1029 174 De
1080 116 1335 176 Hiram.
2019 144 2100 202 97

136 244 278 303 mine
308 240 534 317 insigniri
555 236 810 313 potuisse,
852 256 973 297 cum
999 240 1118 297 haec
1141 258 1340 314 aquam
1365 239 1624 300 marinam
1652 242 1720 300 ad
1747 244 1900 302 instar
1929 247 2094 323 syrin-

133 371 215 429 gae
241 350 497 408 effundat.
581 346 730 421 Qija
757 364 885 405 vero
908 348 988 403 Cl.
1024 348 1265 405 Lmuffius
1289 349 1515 425 Zoopbyto
1552 350 1873 423 praecedenti
1918 359 2089 432 capite

132 478 163 516 a
186 479 270 514 me
305 457 568 529 descripto
605 470 810 509 nomen
846 456 1025 524 Hydrae
1056 455 1333 529 imposuit,
1372 456 1534 512 malui
1578 474 1785 515 novum
1824 463 2088 536 Zoqphyton

132 573 372 643 Syringem
400 560 688 638 appellare,
733 579 894 635 quam
924 562 1367 619 transmutatione
1403 565 1689 622 nominum
1721 567 2084 631 confufionem

129 689 329 748 parere.
403 670 488 726 Ad
517 686 680 744 quam
718 667 1019 727 evitandam
1048 670 1206 725 etiam
1245 669 1374 726 illud
1407 674 1582 743 sprinx
1620 672 1677 728 δε
1718 690 1836 731 non
1858 679 2082 754 syringa,

128 779 285 855 quod
326 792 503 835 tamen
535 775 677 832 idem
704 776 806 846 est,
849 794 1042 834 vocare
1068 776 1341 847 adamavi3
1372 790 1431 833 ut
1455 777 1656 836 facilius
1683 780 1750 837 ab
1779 782 2087 845 instrumen-

127 898 188 944 to
215 885 545 960 Hydraulico
570 885 627 941 δε
656 882 841 940 frutice
881 883 1114 958 ejusdem
1144 886 1376 941 nominis
1401 884 1820 962 distingueretur.

384 994 545 1050 Ratio
576 1011 738 1063 vero,
779 1009 901 1068 quae
925 1009 1010 1047 me
1035 992 1106 1050 ad
1137 992 1503 1068 arripiendum
1540 992 1712 1051 hocce
1748 1012 1952 1053 nomen
1996 997 2087 1056 de-

129 1100 309 1173 duxit,
362 1101 480 1158 haec
519 1100 614 1156 est:
658 1098 950 1176 fiphunculi
992 1100 1045 1156 in
1086 1118 1180 1157 ore
1224 1101 1392 1163 nostri
1429 1103 1654 1178 Zoophyti
1686 1102 1846 1161 locati
1886 1121 2084 1179 motuS,

126 1209 291 1285 pistilli
321 1211 378 1265 in
399 1207 628 1284 syringa,
671 1208 1020 1264 instrumento
1047 1209 1298 1265 nimirum
1328 1208 1667 1285 hydrauliCO‚
1706 1224 1919 1269 motum
1949 1232 2086 1288 quo-

125 1317 370 1374 damodo
404 1317 698 1373 aemulatur.
728 1369 776 1373 χ
794 1316 850 1373 Si
879 1316 994 1373 haec
1017 1296 1276 1375 sufficiens
1298 1334 1417 1374 non
1444 1317 1533 1389 fit,
1576 1319 1823 1393 exiguum
1851 1339 2084 1381 errorem

125 1444 210 1483 me
239 1423 416 1481 errasse
442 1426 657 1496 opinor.
742 1422 890 1480 Nam
918 1438 1058 1500 quot
1086 1427 1284 1484 amabo
1309 1427 1533 1484 nomina
1569 1443 1692 1483 cum
1725 1409 1933 1487 ratione
1972 1449 2085 1488 cor·

128 1534 348 1608 poribus
372 1531 496 1588 data
526 1532 681 1589 sunt?
726 1531 784 1588 δε
812 1549 976 1607 quarn
1003 1539 1231 1590 Mentula
1269 1536 1526 1593 Veterum
1555 1553 1679 1592 cum
1708 1540 1885 1610 Iabaedm
1915 1554 2083 1615 appoo

125 1640 374 1717 caleptica
400 1640 787 1699 fimilitudinem
815 1640 1019 1699 habet?
1057 1642 1410 1701 nihilominus
1440 1645 1527 1706 Cl.
1565 1644 1786 1703 LINNAEO
1823 1645 1984 1722 digna
2013 1647 2083 1706 vi·

128 1750 354 1807 debatur
381 1752 557 1822 ffldra
585 1750 848 1824 appellari.
1445 1743 1448 1745 ’

383 1858 504 1916 Sive
532 1870 709 1914 autem
748 1857 1153 1916 nomenclatura
1189 1858 1367 1917 haecce
1403 1877 1520 1918 mea
1555 1878 1586 1919 a
1629 1872 1833 1918 naturae
1872 1863 2083 1924 curiosis

125 1978 335 2040 recepta
367 1966 448 2024 vel
471 1965 758 2040 reprobata
782 1964 964 2022 fuerit:
991 1972 1174 2041 ſjrinx
1205 1966 1405 2042 semper
1445 1971 1683 2027 manebit
1722 1987 1930 2029 novum
1970 1979 2083 2029 Zao-

109 2076 370 2150 phytorum
408 2092 607 2148 genus,
647 2085 809 2149 atque
848 2074 1006 2145 illud,
1049 2077 1204 2150 quod
1242 2096 1422 2154 corpore
1456 2083 1738 2145 reticulato,
1762 2084 2084 2156 pyramidali‚

129 2191 262 2260 apice
274 2184 451 2259 globoso'
474 2188 703 2257 impervia
727 2197 921 2253 ornata,
962 2181 1030 2240 ἐφ’
1055 2205 1131 2237 ore
1153 2191 1207 2239 in
1232 2187 1382 2240 medio
1416 2187 1574 2258 hastos
1594 2192 1716 2257 fito,
1758 2202 1907 2264 atque
1945 2196 1997 2242 in
2030 2211 2082 2245 eo

111 2289 409 2367 ſjsphunculo
432 2290 587 2345 mobili
597 2291 860 2364 praeditum
883 2291 954 2361 cst.
1037 2290 1250 2364 Qodfi
1278 2310 1406 2350 vero
1442 2293 1569 2350 illud
1598 2293 1666 2350 ad
1699 2296 1953 2352 vermium
1995 2315 2084 2352 or·

128 2397 310 2456 dinem
339 2398 520 2455 melius
544 2396 909 2476 reducendum
945 2395 1060 2455 fore
1090 2397 1349 2476 quispiam
1373 2399 1586 2473 sentiet,
1626 2420 1710 2458 me
1736 2402 1828 2460 fibi
1870 2419 2083 2461 contra-

128 2507 265 2563 rium
286 2522 404 2562 non
431 2504 666 2562 habebit.
749 2505 892 2563 Cum
921 2507 1063 2564 enim
1090 2508 1366 2565 tentaculis
1394 2508 1480 2566 seu
1507 2511 1727 2568 artubus
1774 2488 2083 2569 destitutum

129 2613 219 2684 fit,
254 2615 387 2669 inter
412 2631 610 2673 vermes
650 2604 829 2672 locum
868 2629 1112 2673 meretur.
1194 2616 1281 2673 Ad
1321 2614 1660 2693 Zoophytomm
1683 2619 1927 2675 ordinem
1956 2637 2082 2676 vero

238 2721 431 2780 eodem
448 2724 566 2799 jure
601 2725 862 2798 pertinet,
915 2743 1030 2800 quo
1069 2726 1268 2798 Tethys,
1296 2743 1519 2802 quoque
1559 2727 1834 2786 tentaculis
1879 2726 1966 2786 de-

680 2833 883 2905 stituta,
921 2836 977 2891 in
1014 2853 1080 2890 eo
1127 2853 1154 2890 a
1196 2834 1277 2891 Cl.
1314 2834 1534 2894 LmNffio

961 2941 1127 3017 posita
1172 2942 1257 3000 est⁰

1125 3051 1181 3106 N
1895 3050 2012 3111 CA-
