2513 3435
415 107 482 167 55
1213 90 1442 146 CAPUT
1482 89 1556 145 ss.

402 217 531 277 bera
555 218 756 292 majora
775 235 820 291 g.
834 234 882 290 g.
909 211 1273 282 collocantur,
1301 228 1421 286 quae
1448 208 1770 282 abdomi11i5‚
1799 208 1961 267 dorso
1986 213 2213 271 multum
2247 233 2357 273 am-

406 324 607 404 plioris,
626 321 902 399 portiones
938 318 1071 376 sunt.

1257 472 1323 562 ς.
1387 471 1545 581 lv„

135 670 282 738 Figura
307 681 360 718 2.<
412 648 645 806 Dum
672 642 861 700 animal
887 640 1125 699 nostrum
1150 641 1204 698 in
1229 640 1412 717 supina
1436 651 1586 714 parte
1619 638 1786 699 oculis
1824 639 2102 716 objicitur,
2143 639 2358 717 sequen-

593 756 665 811 tia
685 754 742 808 in
769 751 1109 825 conspectum
1134 751 1377 808 veniunt:
1416 749 1555 807 duos
1579 747 1788 824 pollices
1812 749 2052 825 duasque
2085 750 2246 808 lineas
2281 752 2359 806 in-

407 866 485 926 sta
503 861 941 935 labii'marginern
962 879 1022 918 os
1046 859 1353 937 tubulosum
1381 879 1427 914 a.
1450 858 1760 916 membrana
1781 857 1935 914 crassa
1971 857 2168 932 septem
2197 859 2359 915 lineas

410 974 575 1048 longa
602 971 658 1028 &
683 968 932 1026 tredecim
953 969 1112 1025 lineas
1135 967 1239 1026 lata
1265 970 1314 1027 b.
1346 967 1588 1042 undique
1611 967 1854 1024 cinctum.
1906 966 2226 1023 Membrana
2245 967 2360 1022 haec

411 1082 532 1138 labii
557 1079 708 1137 instar
733 1096 794 1133 os
816 1091 999 1152 tegens
1024 1089 1114 1131 aut
1135 1076 1316 1148 potius
1333 1076 1568 1132 ambiens
1592 1074 1647 1130 in
1673 1073 1920 1149 superiori
1941 1086 2091 1148 parte
2115 1074 2169 1131 in
2193 1073 2368 1131 finum·

412 1202 630 1246 acutum
657 1187 797 1254 abit,
821 1197 982 1258 atque
1005 1183 1228 1257 figuram
1253 1171 1634 1240 cordiforrnem
1656 1205 1696 1238 c.
1723 1183 1957 1257 acquirit.
2037 1181 2085 1238 A
2108 1182 2360 1255 portione

413 1295 820 1372 praenominatae
846 1290 1172 1346 membranae
1199 1288 1439 1346 inferiore
1460 1293 1507 1345 d.
1535 1289 1603 1346 ad
1630 1289 1928 1346 abdominis
1973 1288 2287 1364 principium
2321 1309 2361 1343 e.

413 1420 583 1477 usque
603 1397 802 1458 collum
825 1399 1047 1454 excurrit
1067 1398 1317 1470 pollicem
1344 1415 1468 1453 cum
1495 1399 1737 1472 quinque
1758 1395 1902 1453 lineis
1926 1397 2110 1452 latum.
2190 1393 2252 1449 In
2297 1393 2365 1451 Ia-

412 1524 521 1569 tere
545 1509 666 1568 colli
691 1507 909 1578 dextrO,
951 1505 1081 1562 dum
1107 1504 1300 1562 animal
1322 1506 1378 1561 in
1402 1523 1575 1582 prona
1605 1517 1752 1580 parte
1770 1504 2093 1561 collocatum
2131 1502 2365 1561 confide-

413 1631 590 1686 ratur3
632 1619 686 1673 in
712 1616 910 1673 sinistro
933 1631 1090 1685 ver0,
1135 1612 1324 1688 quodfi
1347 1612 1594 1688 supinum
1618 1611 1812 1668 animal
1841 1611 2062 1687 speeies³
2098 1610 2265 1684 paulo
2293 1612 2367 1667 in-

414 1725 491 1782 fra
519 1725 720 1782 labium
743 1723 1065 1779 fimbriatum
1090 1735 1266 1794 partes
1291 1720 1544 1797 genitales
1565 1732 1791 1778 externae
1828 1721 2002 1778 obviae
2034 1712 2177 1776 sunt:
2220 1717 2366 1791 supe-

416 1836 522 1892 rius
540 1832 780 1889 foramen
801 1831 900 1901 est,
941 1848 1031 1905 per
1055 1829 1208 1904 quod
1234 1830 1380 1906 penis
1382 1832 1441 1900 fi
1462 1831 1595 1900 exit,
1634 1843 1735 1886 tres
1777 1828 1937 1886 lineas
1969 1826 2103 1884 infra
2136 1828 2246 1884 hoc
2279 1842 2368 1902 ap·
2448 1890 2452 1893 ,

421 1953 632 2017 pertura
656 1941 859 2014 vaginae
874 1960 923 2015 g.
950 1936 1039 1993 fita
1064 1937 1152 1996 est.
1409 1943 1411 1945 ’

151 2062 297 2128 Figura
322 2069 366 2118 3.
414 2107 418 2110 ,
676 2047 830 2103 Penis
856 2044 1080 2117 solidus,
1118 2044 1289 2101 tenuis
1324 2056 1487 2119 atque
1519 2045 1737 2102 conicus
1766 2057 1942 2116 prope
1982 2041 2142 2099 basim
2173 2041 2369 2116 promi-

423 2156 607 2214 nentia
634 2153 1011 2234 testiculiformi
1032 2174 1077 2208 ιι.
1099 2152 1372 2209 instructus
1406 2153 1507 2223 est,
1546 2152 1691 2209 nulla
1721 2151 1962 2222 urethra,
2003 2150 2263 2224 nulloque
2295 2145 2369 2204 se-

423 2243 667 2322 micanali
686 2261 843 2320 veluti
870 2261 1015 2336 penis
1036 2266 1211 2317 lernaeae
1230 2259 1499 2335 praedituS.

681 2371 729 2427 A
751 2369 857 2426 fine
879 2369 999 2426 colli
1022 2369 1091 2425 ad
1115 2382 1406 2425 extremum
1431 2385 1600 2442 usque
1636 2364 1910 2422 abdomen
1945 2364 2099 2421 ovale
2133 2360 2368 2420 extendi-

347 2553 350 2555 ι
426 2491 542 2543 tur,
583 2477 740 2553 quod
775 2495 835 2533 ea
862 2476 1121 2533 duntaxat
1152 2488 1298 2550 parte
1336 2491 1524 2545 cavum
1558 2473 1658 2543 est,
1697 2490 1817 2544 quae
1847 2470 2029 2528 colore
2066 2469 2371 2527 obscuriore

344 2560 347 2565 V
428 2586 739 2660 designatur.
824 2583 993 2640 Color
1022 2584 1112 2640 hic
1135 2586 1186 2639 in
1211 2581 1323 2656 ipso
1344 2581 1555 2638 animali
1576 2581 1731 2636 etiam
1754 2576 2025 2634 obscurior
2047 2597 2076 2633 a
2096 2576 2371 2634 visceribus

426 2693 522 2750 sub
547 2694 919 2766 integumento
940 2689 1026 2747 hic
1051 2691 1152 2747 loci
1173 2691 1413 2747 tenuiore
1432 2686 1877 2763 transparentibus
1900 2684 2151 2742 causatur.
2216 2685 2368 2740 'Om-

419 2818 497 2858 ,ne
521 2818 647 2858 vero
669 2795 1096 2873 integumentum
1123 2811 1333 2853 externe
1353 2797 1410 2852 &
1444 2797 1648 2853 interne
1686 2794 1867 2850 album
1900 2793 1996 2863 est,
2036 2792 2178 2851 fibris
2211 2793 2369 2860 innu-

410 2910 584 2969 meris
604 2904 926 2964 craffioribus
950 2905 1386 2980 tenuioribusque
1405 2902 1712 2964 reticulatim
1739 2898 1990 2977 dispofitis
2015 2899 2402 2971 construetum-

2216 3006 2306 3080 est,
