2513 3435
917 90 1009 148 DE
1059 91 1298 150 ΡΕΝΝΑ.
1980 118 2084 175 123

387 211 585 290 Neque
618 210 821 284 obstat,
889 213 1045 289 quod
1091 217 1146 273 in
1182 214 1471 290 majoribus
1505 216 1742 291 litophytis
1778 215 1836 273 δε
1872 226 2082 279 Coralliis

129 322 257 382 bafis
282 323 477 381 cortice
502 322 559 378 &
582 321 856 378 tentaculis
881 320 1123 378 destituta
1149 323 1220 379 fit.
1300 323 1446 380 Nam
1469 323 1608 380 idem
1645 324 1702 380 in
1731 323 1912 383 Penna
1950 331 2081 386 acci-

129 432 254 490 dere
280 427 557 506 propabile
583 425 681 498 est,
721 430 780 485 in
806 445 913 503 qua
934 445 1108 503 prope
1145 441 1394 487 truncum
1434 428 1640 487 nudum
1679 431 1927 506 quaedam
1963 437 2081 505 pin-

128 557 212 598 nae
246 538 304 594 δε
342 536 608 594 tentacula
647 534 931 607 deficiunt,
974 535 1223 611 quaedam
1261 553 1389 595 vero
1431 534 1704 596 succeffive
1735 538 2080 600 obliteratum

126 648 187 705 iri
211 646 470 721 conjiciO,
512 655 674 718 atque
697 641 935 718 sequenti
959 644 1130 701 modo
1157 643 1213 700 id
1240 645 1445 701 evenire
1465 644 1708 720 suspicor.
1787 647 1929 702 Cum
1955 652 2080 702 Pen-

122 776 190 811 κα
215 750 567 810 mediantibus
592 750 865 807 tentaculis
893 751 1282 807 nutrimentum
1328 750 1482 810 suum
1514 752 1749 825 hauriat,
1794 753 2075 811 necess‘ario

121 861 302 937 augeri
336 857 524 928 debet,
586 856 996 932 multiplicando
1029 875 1114 914 eas
1146 868 1344 932 partes,
1400 874 1491 932 per
1527 875 1659 933 quas
1688 863 2075 920 nutrimentum

120 985 222 1046 pro
258 979 384 1024 toto
420 982 646 1039 corpore
689 967 893 1041 accipit.
973 964 1071 1021 Hae
1109 982 1237 1023 vero
1271 964 1328 1019 in
1365 974 1560 1022 trunco
1593 966 1748 1023 nudo
1788 969 2074 1026 accrescere

120 1086 397 1149 nequeunt
416 1118 432 1145 ,
472 1073 609 1135 cur?
650 1074 785 1130 ratio
809 1074 867 1130 in
890 1078 1059 1128 Penna
1085 1071 1186 1130 fixa
1210 1071 1429 1147 aliisque
1453 1074 1729 1150 Zoephytis,
1771 1094 1892 1150 quae
1921 1076 2074 1133 stabi-

119 1183 224 1240 lem
248 1183 398 1239 fitum
425 1201 455 1238 a
477 1193 667 1238 natura
690 1180 990 1250 obtinuere,
1040 1190 1199 1253 patet.
1283 1178 1346 1235 In
1368 1179 1560 1253 quibus
1595 1182 1737 1238 obex
1763 1184 2072 1241 incrementi

121 1291 178 1348 in
199 1307 386 1347 eorum
411 1289 515 1348 bafi
536 1290 780 1349 occurrit.
826 1286 988 1344 Unde
1011 1299 1070 1343 ut
1095 1287 1149 1342 in
1178 1286 1350 1342 trunci
1371 1287 1576 1362 pinnati
1607 1291 1949 1361 extremitate,
1972 1307 2072 1365 pro

120 1397 418 1455 neceffitate
449 1396 602 1453 molis
639 1398 803 1453 totius
837 1397 1096 1471 corporiS,
1130 1411 1299 1451 unum
1333 1394 1620 1455 alterumve
1656 1416 1752 1473 par
1785 1400 2071 1474 pinnarum

118 1504 394 1563 tentaculis
418 1489 784 1561 instruftarum
808 1503 1064 1561 accrescat
1087 1501 1345 1561 necessum
1367 1505 1450 1561 est.
1496 1505 1676 1580 Atque
1700 1520 1758 1563 ut
1788 1520 1928 1564 certa
1950 1504 2074 1563 sem-

117 1629 210 1688 per
239 1614 376 1668 inter
398 1623 647 1668 truncum
670 1614 952 1688 pinnatum
978 1607 1035 1665 &
1059 1621 1308 1666 truncum
1349 1611 1558 1670 nudum
1597 1626 1808 1671 maneat
1843 1628 2073 1688 propor-

118 1722 228 1790 ti0,
268 1719 379 1776 aliae
399 1720 580 1790 pinnae
604 1736 776 1794 prope
810 1730 1061 1777 truncum
1091 1717 1305 1776 nudum
1347 1717 1450 1774 fitae
1483 1717 1753 1778 succeffive
1787 1720 2074 1793 decedunt,

116 1824 429 1896 abolentur,
470 1838 631 1901 atque
652 1826 819 1883 moles
843 1824 1013 1881 trunci
1042 1820 1175 1879 nudi
1197 1840 1418 1898 quoque
1453 1825 1703 1901 augescit3
1744 1826 1936 1884 eodem
1966 1826 2072 1886 fere

120 1933 324 2004 mod0,
368 1935 509 1990 acin
533 1937 719 1988 Palmis
749 1932 965 2006 aliisque
996 1930 1259 2003 ejusmodi
1296 1930 1593 1990 Arboribus
1628 1934 1835 1992 evenire
1879 1938 2070 2012 experi-

114 2059 262 2113 mur,
302 2058 530 2117 quarum
583 2054 801 2099 truncus
836 2039 1127 2115 quotannis
1167 2051 1419 2115 augetur,
1462 2041 1694 2101 deciduis
1723 2056 1896 2117 prope
1925 2042 2073 2102 hunc

117 2149 438 2224 quibusdam
457 2146 606 2204 foliis.

371 2255 597 2312 Minime
620 2266 854 2313 attamen
880 2260 1097 2312 pennam
1123 2269 1186 2313 ex
1217 2273 1284 2313 eo
1309 2255 1546 2332 plantam
1584 2256 1678 2314 effe
1711 2259 1830 2334 quis
1865 2271 2068 2334 arguat,

117 2364 245 2439 quia
269 2363 411 2420 hanc
436 2362 505 2421 ad
530 2380 778 2421 normam
807 2364 1112 2437 plantarum
1136 2365 1448 2421 terrestrium
1470 2366 1751 2424 increscere
1783 2366 1935 2427 dico:
1976 2382 2068 2426 aut

115 2471 391 2529 hominem
413 2470 581 2547 ipsum
606 2472 842 2545 plantam
864 2471 959 2528 efle
982 2472 1241 2530 admittat.
1323 2473 1464 2531 Nam
1490 2473 1577 2548 pili
1599 2475 1704 2547 ejus
1725 2473 1891 2531 indies
1913 2473 2067 2533 folio-

115 2594 235 2635 rum
263 2577 487 2636 adinstar
515 2578 795 2650 decidunt,
840 2581 970 2637 cutis
996 2581 1091 2638 sub
1114 2580 1286 2639 forma
1305 2578 1641 2654 squamarum
1681 2583 1821 2653 abit,
1862 2583 1920 2640 &
1956 2600 2068 2639 rur-

43 2732 47 2733 ?
102 2684 229 2742 -sum
264 2700 579 2758 renovatur,
625 2687 857 2762 denique
894 2685 1008 2745 vasa
1043 2690 1149 2763 ejus
1182 2688 1573 2764 elegantiffimas
1605 2688 1898 2746 arbusculas
1934 2687 2067 2748 foliis

118 2791 357 2867 spoliatas
381 2793 767 2869 repraesentant.
836 2794 960 2853 Sola
987 2796 1280 2856 sensatione
1308 2799 1586 2855 communi
1612 2796 2067 2873 Philosophorum

120 2899 375 2959 sententia
401 2901 594 2960 animal
621 2921 650 2960 a
674 2903 857 2977 planta
883 2903 1084 2966 differt:
1130 2925 1300 2982 quum
1324 2926 1451 2967 vero
1479 2906 1598 2965 haec
1620 2907 1678 2964 in
1700 2913 1868 2964 Penna
1905 2909 1959 2964 in
1995 2929 2067 2964 co-

1057 3015 1166 3090 Q,
1183 3038 1216 3075 2
1895 3020 1993 3076 ral-
