2513 3435
355 146 455 209 -74
964 132 1190 187 CAPUT
1242 128 1355 186 111.
1419 150 1490 186 DE
1533 128 1738 187 ARGO-

387 257 516 318 inde
547 255 807 332 conjicere
829 254 971 310 licet:
1015 251 1169 328 quod
1199 268 1268 307 ne
1286 248 1505 307 verbum
1531 251 1752 324 quidem
1770 251 1825 307 in
1849 251 2014 327 leporis
2036 258 2218 308 marim·
2241 249 2332 308 de·

390 367 670 438 scriptione
691 362 976 426 addiderit,
1022 356 1175 433 quod
1199 357 1348 414 iconi
1373 355 1474 413 suae
1501 358 1570 413 (*)
1596 358 1749 414 fimile
1771 354 1918 428 effet,
1945 371 2038 415 aut
2061 359 2108 414 ei
2132 357 2336 433 aliqua-

394 474 506 532 liter
526 485 735 530 tantum
762 480 1099 546 competeret.
2131 533 2141 541 ,„

651 582 786 653 Qae
811 596 933 633 cum
957 574 1171 643 ita-sint,
1210 572 1295 631 illa
1319 570 1523 646 insuper
1545 573 1745 631 moveri
1770 569 1939 644 pofl'et
1962 572 2185 647 quaestio
2200 617 2241 646 ‚.
2268 592 2340 634 an

396 704 574 748 revera
594 693 756 763 Argus
778 684 955 741 noster
983 660 1264 739 Veteribus
1291 693 1454 736 notus
1485 678 1665 736 fuerit}
1703 691 1891 752 praeter
1925 680 2341 739 ALDRovANnmvr

397 794 455 851 δε
478 795 800 865 JONSTONUM
820 791 940 847 fitne
964 790 1234 847 neminem
1258 788 1506 858 invenio,
1546 788 1638 860 qui
1663 788 1766 860 ejus
1799 785 2128 844 meminisset:
2170 791 2225 845 hi
2259 808 2342 850 ve.

398 920 461 960 ro
482 915 668 977 praeter
693 900 987 958 mutilatam
1009 898 1223 953 iconem
1251 895 1383 952 nihil
1411 895 1631 964 dedere,
1675 892 1828 967 quod
1848 909 1949 947 nos
1972 895 2029 948 in
2054 892 2209 966 hujus
2247 915 2341 954 co-

399 1011 700 1085 gnitionem
723 1006 981 1065 deducere
1003 1001 1184 1078 posset.
1261 1001 1391 1057 Mea
1417 999 1722 1077 descripti0‚
1762 998 1929 1055 fateor
1967 1000 2218 1060 omnibus
2249 1021 2342 1061 nu·
2386 1004 2425 1012 ”

403 1117 553 1175 meris
577 1113 817 1173 absoluta
839 1130 956 1174 non
983 1112 1082 1181 est3
1121 1110 1249 1166 hinc
1272 1109 1344 1165 nil
1377 1110 1543 1183 magis
1577 1124 1747 1181 opto,
1788 1125 1954 1181 quam
1990 1120 2048 1162 ut
2084 1127 2174 1180 ea,
2218 1129 2343 1185 quae

404 1226 472 1282 de
494 1225 600 1297 ejus
617 1221 869 1279 viseerum
894 1220 1173 1288 struetura,
1214 1215 1364 1287 sexu,
1402 1216 1726 1274 nutrimento
1749 1228 1909 1289 atque
1933 1217 2345 1290 proprietatibus

403 1329 615 1390 scienda
634 1326 930 1401 supersunt,
972 1327 1040 1383 ab
1067 1326 1189 1394 illis,
1230 1324 1324 1398 qui
1352 1338 1524 1396 prope
1549 1339 1691 1378 mare
1715 1321 2155 1378 mediterraneum
2184 1328 2346 1384 vitam

408 1450 616 1507 terunt,
658 1435 951 1510 aliquando
969 1431 1251 1489 nobiscum
1280 1430 1751 1488 communicentur.
1832 1427 2043 1506 Qodfi
2070 1447 2195 1486 vero
2217 1433 2348 1490 mihi

410 1545 540 1605 illud
564 1541 882 1605 amaeniffum
904 1542 1046 1598 littus
1070 1538 1328 1596 salutandi
1358 1556 1502 1595 nova
1539 1536 1775 1606 occasio²
1817 1553 1978 1609 quam
2012 1538 2348 1599 vehementer

664 1650 891 1721 anheIO,
933 1648 1238 1718 obvenerit,
1275 1646 1380 1719 ipfie
1401 1643 1697 1703 deficientia
1720 1642 1957 1718 supplere
1980 1661 2098 1704 non

616 1782 628 1813 s
1172 1754 1587 1830 praetermittam.

569 3055 637 3108 ζ’)
669 3054 769 3095 Vide
791 3054 853 3093 De
875 3048 1122 3103 Exanguibus
1143 3048 1319 3099 aquaticis
1341 3047 1384 3085 L.
1413 3045 1479 3084 IV.
1506 3043 1601 3083 Tab.
1628 3043 1656 3081 1.
1682 3043 1764 3096 Fig.
1791 3040 1831 3080 6.
