2513 3435
901 102 994 160 Dr.
1047 103 1326 162 Lamum
2015 123 2091 181 37

141 227 506 285 demonstrant
527 270 544 296 ,
584 225 640 282 &
663 241 827 280 unam
849 223 905 280 &
927 225 1140 282 alteram
1175 238 1380 301 partem
1417 244 1446 283 a
1479 243 1565 283 me
1606 226 1740 285 rede
1776 226 2086 285 denomina.

141 326 258 393 tamv
280 333 388 391 effe.
471 332 607 391 Vasa
627 334 823 389 etenim
858 330 1013 405 supra
1049 333 1281 393 indicata
1315 333 1519 392 canales
1556 334 1669 392 cavi
1706 331 1856 405 sunt,
1897 335 2088 392 humo-

139 462 250 499 rem
287 443 523 500 albidum
558 424 938 497 craffiusculum
973 441 1251 512 vehentem
1305 441 1472 500 viscus
1509 454 1712 505 autem,
1756 460 1783 497 e
1815 460 1929 517 quo
1970 441 2088 499 vasa

141 549 315 607 haecce
350 549 657 626 prodeunt,
719 558 902 619 aperta
939 546 1056 603 viva
1099 552 1273 633 (ernaea
1317 567 1467 608 more
1501 549 1676 608 cordis
1713 548 1902 623 sponte
1941 566 2087 607 nunc

137 659 397 715 relaxatur
431 673 577 713 nunc
610 654 975 725 contrahitur,
1019 633 1179 731 atq-ue
1208 655 1350 714 fimul
1385 670 1565 714 motus
1597 656 1836 717 humoris
1870 673 1959 732 per
1997 674 2085 714 vas

140 765 425 824 ascendens
450 764 699 836 jucundo
726 762 1025 819 admodum
1043 760 1342 834 speuacuio
1363 762 1684 820 observatur,

395 871 703 946 Qodnam
727 887 855 927 vero
882 887 945 926 ex
966 868 1194 942 praefatis
1216 870 1340 927 vafis
1361 872 1562 927 arteriae
1595 870 1676 926 vel
1718 888 1865 928 venae
1904 871 2087 928 officio

136 977 419 1052 fungatur,
460 995 562 1052 pro
587 989 734 1035 certo
768 977 975 1034 asserere
1004 995 1122 1034 non
1153 979 1332 1035 valeo:
1374 978 1429 1036 id
1465 979 1725 1037 duntaxat
1761 979 2089 1052 conjeetura-

136 1085 249 1143 liter
275 1087 552 1160 concipiO,
592 1103 680 1143 vas
714 1085 927 1143 inferius
960 1085 1044 1142 seu
1083 1084 1401 1144 descendens
1442 1089 1681 1143 arteriam
1712 1085 1838 1157 effe,
1878 1099 2088 1161 propte

136 1211 222 1249 rea
251 1193 403 1268 quod
427 1193 552 1250 alter
578 1195 683 1267 ejus
708 1211 886 1250 ramus
911 1194 963 1250 in
983 1192 1266 1268 pulmones
1289 1192 1645 1269 impendatur.
1718 1194 1929 1250 Notum
1959 1212 2087 1252 vero

137 1302 232 1358 est:
276 1301 556 1377 pulmones
580 1301 887 1377 sanguinem
908 1321 937 1357 e
968 1301 1133 1360 corde
1168 1299 1579 1358 adveninentem
1616 1314 1917 1373 attenuare,
1962 1304 2088 1362 divi-

138 1409 285 1475 dere,
329 1411 386 1467 &
409 1426 730 1485 quacunque
755 1398 972 1466 demum
1002 1410 1211 1466 ratione
1257 1408 1596 1483 modificare,
1638 1422 1935 1485 aptumque
1968 1409 2085 1467 red-2

136 1517 288 1588 dere,
330 1530 389 1573 ut
415 1535 602 1573 omnes
625 1516 870 1590 deinceps
894 1517 1133 1589 corporis
1157 1530 1327 1592 partes
1358 1518 1515 1575 libere
1541 1535 1835 1593 permeare,
1873 1535 1957 1585 eas
1990 1534 2085 1573 nu·

133 1627 283 1704 trige,
325 1625 554 1700 denique
579 1625 718 1681 varia
740 1622 895 1699 bona*
911 1623 1152 1679 universo
1175 1626 1391 1700 corpori
1415 1626 1655 1700 praestare
1675 1626 1856 1683 valeat.
1938 1623 2086 1681 Idem

126 1719 314 1808 ,itaque
339 1753 369 1789 a
397 1720 746 1806 pulmonibus
769 1735 945 1784 lernaeae
967 1731 1182 1804 exequi,
1225 1730 1610 1807 consequenter
1637 1751 1726 1791 vas
1764 1732 2084 1790 descendens

134 1842 335 1898 arteriae
358 1840 540 1897 officio
561 1838 737 1912 fungi,
776 1838 970 1895 rationi
1001 1855 1120 1892 non
1168 1837 1436 1896 absonum
1465 1842 1686 1897 videtur.
1769 1839 1836 1895 Et
1874 1838 1992 1897 licet
2029 1841 2086 1896 in

134 1947 351 2005 decursu
376 1947 500 2005 vafis
526 1946 848 2003 ascendentis
885 1962 953 2000 ne
985 1945 1232 2003 minimus
1277 1949 1496 2020 quidem
1543 1965 1721 2004 ramus
1767 1948 1969 2005 vifibilis
2008 1947 2084 2017 fit,

133 2055 305 2130 plures
339 2068 522 2112 tamen
554 2057 690 2111 circa
730 2055 1071 2129 pharyngem
1102 2052 1308 2126 disperfi
1347 2057 1557 2129 jace-nt,
1620 2057 1712 2130 qui
1748 2054 2085 2129 pharyngem

132 2163 531 2235 ingrediuntur,
595 2163 652 2218 &
690 2160 908 2217 fortassis
954 2177 1077 2215 cum
1113 2163 1300 2233 majori
1332 2163 1502 2221 hocce
1532 2162 1848 2221 ascendente
1888 2176 2082 2219 trunco

135 2262 417 2325 humorem
441 2268 663 2324 suumin
687 2268 890 2325 diversis
918 2269 1159 2341 corporis
1194 2267 1432 2341 partibus
1468 2270 1745 2326 collefium
1783 2271 2083 2327 communi-

68 2415 71 2417 >
133 2388 284 2445 cant,
325 2388 486 2451 atque
510 2375 729 2431 demum
756 2376 813 2431 in
845 2391 937 2430 cor
967 2373 1285 2446 effundunt3
1326 2392 1421 2449 per
1448 2375 1778 2454 consequens
1803 2394 1893 2435 vas
1916 2376 2083 2434 ascen·

133 2481 261 2538 dens
297 2501 448 2541 venae
478 2500 671 2543 munus
693 2482 930 2541 absolvit.

943 2633 1006 2722 ᾗ.
1069 2632 1269 2702 XXI.

136 2796 244 2953 Si
264 2796 426 2854 corde
447 2798 625 2855 evulso
644 2797 797 2854 sefflo
822 2798 1033 2854 ulterius
1051 2800 1431 2875 prosequatur,
1472 2810 1634 2873 atque
1650 2798 1867 2856 *alterius
1889 2803 2081 2855 cavita-

266 2889 356 2974 iis,
423 2923 544 2979 quae
588 2906 862 2982 pericardii
897 2908 1008 2965 vice
1045 2906 1314 2981 fungitur,
1368 2909 1535 2982 paries
1570 2908 1847 2982 oppofitus
1887 2908 2081 2980 aperia-

1042 3014 1084 3069 E
1133 3034 1156 3080 3
1901 3027 2006 3086 tur,
