2513 3435
394 125 470 170 αἱ
1147 104 1433 173 „Caput
1473 105 1517 164 1.
1567 122 1574 125 ”

322 294 325 297 ,
361 249 475 304 re,
517 230 785 306 lagennlas
807 227 945 301 illas,
983 227 1039 285 in
1061 227 1256 304 quibus
1281 228 1514 285 Venetiis
1546 227 1728 286 vinum
1773 226 2098 304 cyprinnum
2131 228 2338 288 conser-

389 339 498 397 vari
523 337 682 410 solet,
715 355 832 395 non
856 338 1034 410 inepte
1053 333 1399 411 repraesenten
1473 334 1743 394 Numerus
1762 335 1961 392 horum
1983 335 2226 396 dentium
2251 338 2340 395 tri-

391 446 641 520 gefimum
668 446 901 516 excedit,
939 446 992 500 in
1012 442 1284 500 nonnullis
1312 461 1440 501 vero
1459 447 1641 500 lernaeis
1663 443 1837 501 deficit
1863 443 1952 500 hic
1976 443 2216 501 dentium
2236 458 2338 504 ter-

390 554 492 610 tius
517 553 691 624 ord0,
728 557 786 609 in
809 554 914 609 ima
941 552 1061 616 alias
1086 550 1355 610 ventriculi
1382 563 1529 625 parte
1555 551 1687 607 situs.
1761 550 1956 607 Utrum
1982 550 2071 607 hic
2100 551 2340 620 dentium

390 658 619 723 defectus
640 671 828 716 natura
856 661 926 716 ita
950 656 1262 734 disponente
1283 656 1576 714 &ludente
1603 659 1919 731 contingat?
1961 677 2031 714 an
2054 676 2183 716 vero
2208 658 2339 718 den-

390 765 535 828 ticuli
555 765 875 823 diuturniori
898 765 989 822 usu
1023 766 1340 836 avellantur,
1383 778 1544 840 atque
1575 766 1631 821 in
1663 765 1907 822 intestina
1940 765 2130 841 delapfi
2168 775 2340 823 excer-

389 873 629 936 nantur?
671 873 1019 930 determinatu
1043 871 1230 930 dificile
1254 873 1350 943 est,
1391 890 1515 929 cum
1547 882 1834 947 utrumque
1863 873 2143 948 probabile
2168 871 2341 932 videa·
2401 937 2404 940 ,

391 995 492 1038 tur.
572 980 777 1037 Priores
805 980 1046 1036 dentium
1070 979 1284 1037 ordines
1305 978 1470 1036 stabili
1497 993 1699 1036 naturae
1722 978 1836 1054 lege
1880 982 1936 1038 in
1972 982 2216 1037 omnium
2247 985 2339 1036 ler-

393 1111 605 1146 mearum
626 1087 919 1144 ventriculo
957 1085 1189 1144 secundo
1225 1086 1448 1157 adsunt,
1491 1100 1653 1162 atque
1684 1087 1753 1142 ita
1788 1087 2014 1161 dispositi
2056 1087 2342 1145 observan-

394 1208 504 1253 tur:
550 1208 608 1251 ut
632 1213 819 1251 eorum
841 1196 1043 1270 apices,
1077 1195 1391 1252 contracto
1377 1212 1434 1250 1n
1455 1195 1713 1251 annulum
1736 1196 1998 1252 minorem
2023 1197 2341 1266 ventricu10‚
2321 1239 2351 1266 ‚a

393 1302 480 1360 se
470 1304 693 1360 invicem
715 1303 1005 1376 attingant,
1049 1315 1209 1375 atque
1234 1303 1392 1358 latera
1419 1320 1604 1363 eorum
1646 1301 1716 1359 ad
1753 1302 1802 1357 st
1833 1315 2026 1358 mutuo
2067 1283 2339 1360 accedant.

397 1409 558 1466 Unde
582 1408 850 1483 deglutitae
875 1428 905 1465 a
925 1413 1095 1465 lernaea
1117 1409 1393 1465 conchulae
1417 1408 1474 1464 ὃς
1498 1408 1786 1464 cochleolae
1818 1401 1885 1465 ab
1912 1408 1995 1466 his
2016 1409 2232 1467 firmiter
2268 1408 2340 1467 ad

393 1516 686 1574 seinvicem
722 1517 987 1592 applicatis
1020 1509 1382 1574 inevitabiliter
1415 1515 1774 1587 colliduntur,
1811 1514 2156 1590 franguntur,
2196 1534 2347 1578 com-¹

396 1627 738 1696 minuuntur,
782 1638 945 1699 atque
977 1626 1032 1679 in
1057 1623 1307 1700 pollinem
1333 1620 1686 1679 tenuissimum
1707 1635 2021 1680 atteruntur.

649 1732 895 1807 Exposita
925 1731 1164 1805 lingulari
1202 1729 1414 1787 secundi
1447 1725 1622 1785 'lernaeae
1657 1748 1673 1775 x
1695 1732 1929 1787 enrriculi
1960 1705 2243 1805 structura,
2280 1734 2347 1798 in.

394 1841 545 1899 nullo
584 1839 891 1897 animalium
925 1837 1216 1910 reperibili‚
1269 1849 1417 1911 patet
1445 1839 1556 1910 jam
1586 1836 1700 1908 illa,
1739 1856 1901 1913 quam
1943 1838 2069 1896 dare
2112 1842 2350 1915 promisi}

397 1950 561 2006 ratio:
606 1965 695 2004 cur
733 1945 928 2021 ingesta
962 1944 1191 2001 citiffime
1223 1962 1284 1999 ex
1320 1946 1494 2019 primo
1525 1945 1821 2002 ventriculo
1857 1947 1912 2001 in
1951 1946 2172 2003 alterum
2203 1962 2342 2007 tran-

394 2055 553 2111 stant,
635 2056 777 2110 Cum
800 2054 940 2109 enim
965 2055 1020 2109 in
1044 2069 1137 2108 ore
1157 2055 1330 2107 lernaeae
1353 2051 1483 2108 nulli
1509 2031 1692 2108 dentes
1712 2049 1907 2119 adfim,
1951 2052 2007 2109 &
2033 2054 2150 2112 haec
2176 2056 2341 2114 coch-

395 2163 567 2234 leolis,
604 2162 875 2230 strombis,
922 2161 1328 2233 turbinibusque
1355 2158 1495 2216 duris
1515 2159 1573 2215 &
1594 2159 1755 2215 acutis
1782 2158 2040 2231 vescatur,
2077 2163 2348 2221 necefl‘um.

397 2284 530 2328 erat:
574 2282 632 2325 ut
654 2268 768 2324 haec
787 2268 922 2324 illico
941 2270 995 2323 in
1016 2266 1235 2323 alterum
1263 2266 1609 2324 ventriculum
1647 2266 1895 2323 dentibus
1931 2269 2197 2325 munitum
2227 2268 2349 2327 defi„

396 2378 658 2446 cendant-3
698 2393 767 2431 ne
796 2377 852 2431 in
874 2378 1049 2448 primo
1074 2374 1268 2429 diutius
1290 2371 1534 2441 detenta,
1575 2374 1794 2445 parietes
1820 2376 1926 2447 ejus
1950 2374 2202 2447 lacerent,
2223 2394 2339 2451 per-

397 2486 695 2559 forentque.
768 2484 879 2538 Cur
900 2500 1025 2539 vero
1063 2477 1295 2537 firmmus
1323 2497 1496 2536 rerum
1525 2481 1774 2535 >omnium
1813 2480 2038 2537 Creator
2073 2482 2198 2540 huic
2229 2485 2349 2542 ani-.

397 2592 522 2650 mali
544 2590 724 2647 dentes
746 2591 802 2646 in
827 2587 1152 2658 ventriculo,
1185 2587 1241 2643 &
1263 2589 1457 2643 nonin
1478 2604 1599 2656 ore,
1619 2584 1804 2643 Palato
1833 2589 1913 2644 vel
1945 2585 2209 2656 faucibus,
2251 2610 2346 2650 ve·:

401 2699 495 2756 luti
524 2699 579 2752 in
616 2696 720 2755 aliis
767 2695 1081 2752 animalibus
1114 2694 1490 2752 collocaverit?
1530 2695 1790 2750 rationem
1831 2695 2058 2753 reddant
2102 2696 2200 2769 issi,
2243 2699 2339 2773 qui

400 2801 806 2880 Omnipotentis
831 2802 988 2858 finem
1012 2803 1068 2857 in
1088 2821 1119 2855 c
1155 2803 1337 2859 unibus
1364 2800 1595 2856 divinare
1621 2800 1902 2872 adamant,
1936 2816 2095 2878 atque
2110 2819 2338 2878 praeten-

396 2892 547 2969 dunt.
631 2911 748 2984 Ego
771 2907 1018 2984 quidem,
1061 2921 1120 2964 ut
1149 2887 1270 2964 cum
1299 2907 1554 2964 CxcsaoNt
1586 2909 1654 2962 (⁸)
1693 2906 1914 2985 loquar:
1956 2915 2064 2969 Hoc
2078 2915 2199 2986 firm
2235 2935 2340 2973 con-

547 3034 614 3088 (')
646 3038 706 3079 Dc
728 3035 878 3080 Divinis
901 3040 925 3082 l.
958 3048 991 3080 1.
1017 3054 1054 3094 p.
1087 3049 1177 3093 147.
1204 3039 1292 3081 edit.
1319 3041 1439 3083 Patav.
1972 3010 1980 3013 ·-
2159 3034 2256 3077 ten-
