2513 3435
417 148 488 207 53·
1212 134 1444 191 CAPUT
1495 136 1614 194 II.-

413 276 539 318 cum
562 256 650 314 illo
671 253 960 315 conferenti
990 256 1208 335 patebit.
1291 258 1435 316 Nam
1467 260 1605 318 deest
1630 261 1684 318 in
1709 262 1920 318 Fimbria
1941 266 2262 324 ventriculus
2293 268 2366 327 se-

415 367 652 439 cundus,
695 385 757 423 os
794 366 1190 438 conchiforme,
1229 367 1524 443 pulmones.
1614 369 1798 433 Taceo
1841 388 1964 444 cor,
2006 372 2125 432 vasa
2160 376 2218 436 &
2253 393 2373 437 ner.

397 458 541 549 vos,
583 476 674 553 qui
698 473 874 534 forsan
901 474 1088 536 oculos
1113 493 1260 539 meos
1287 465 1534 553 effugere.

1269 630 1334 719 55·
1397 629 1522 701 v1.

413 795 731 953 Riabitat
753 795 969 852 Fimbria
989 795 1167 853 nostra
1195 794 1252 853 in
1283 794 1394 854 alto
1429 796 1589 868 mari,
1630 795 1721 854 ubi
1755 811 1872 854 non
1909 797 1999 855 nisi
2028 798 2364 858 fcrvidisfimo

603 902 708 959 sole
741 902 1088 978 conspicitur,
1148 917 1312 980 atq-ue
1354 903 1548 963 retibus
1587 922 1695 962 una
1731 924 1851 962 cum
1883 906 2105 981 piscibus
2149 908 2366 984 capi‘tur.

409 1010 552 1068 Hinc
576 1011 803 1068 solutam
826 1011 883 1067 &
917 1012 1088 1069 undas
1122 1003 1360 1069 marinas
1383 1025 1765 1088 pervagantem
1798 1013 1937 1070 iilam
1981 1006 2162 1087 piscari
2197 1014 2367 1072 neces

411 1118 523 1176 sum
558 1120 655 1191 est,
702 1120 963 1194 quoniam
1000 1119 1195 1177 retibus
1225 1119 1292 1176 acl
1324 1118 1569 1192 scopulos
1605 1137 1721 1176 non
1760 1120 2022 1178 accedunt
2058 1122 2363 1194 PiscatoreS,

414 1226 545 1284 dum
571 1227 730 1303 pisces
751 1244 937 1302 capere
958 1228 1195 1301 cupiunt.
1269 1227 1537 1285 Caeterum
1561 1241 1739 1284 autem
1759 1229 1932 1285 nullus
1965 1228 2157 1286 dubito
2173 1275 2188 1301 ,
2219 1229 2362 1286 hanc

414 1353 568 1411 aeque
591 1354 652 1394 ac
675 1339 896 1390 lernaeam
920 1333 1046 1392 saxis
1068 1335 1149 1391 vel
1167 1331 1339 1392 fundo
1374 1336 1531 1392 maris
1563 1334 1787 1392 arenoso
1823 1349 1916 1392 aut
1942 1336 2185 1410 argilloso
2208 1339 2364 1393 inter-

415 1442 546 1500 durn
568 1440 779 1501 affixam
805 1441 930 1515 effe,
970 1441 1028 1498 δε
1055 1442 1386 1520 quandoque
1410 1443 1491 1502 vel
1525 1442 1714 1520 sponte
1747 1444 1828 1501 vel
1867 1442 2169 1517 impetuofis
2207 1443 2365 1503 undis

414 1549 541 1612 inde
562 1551 758 1614 recede.

671 1660 884 1716 Viclum
904 1659 1087 1715 nostro
1113 1659 1322 1717 animali
1351 1658 1689 1736 suppeditant
1721 1659 1860 1717 varia
1884 1657 2131 1716 fucorum
2152 1675 2364 1735 genera,

414 1779 676 1843 quantum
700 1784 762 1823 ex
798 1767 1063 1823 contentis
1095 1767 1152 1823 in
1190 1768 1487 1825 ventriculo
1521 1766 1802 1840 intelligere
1832 1767 1985 1823 licuit.
2061 1767 2366 1824 Cochleolis

414 1874 495 1935 vel
519 1873 795 1932 conchulis
822 1873 877 1930 id
899 1891 1015 1930 non
1044 1873 1202 1946 vesci,
1243 1876 1369 1933 inde
1396 1875 1652 1949 conjicio:
1699 1873 1853 1949 quod
1888 1873 2125 1931 secundo
2169 1875 2364 1931 ventri-

412 1983 536 2041 culo
564 1982 811 2039 dentibus
836 1983 1047 2039 munito
1074 1996 1271 2054 careat,
1310 1982 1366 2038 &
1390 1999 1483 2040 ore
1503 1994 1757 2056 praeterea
1792 1973 2046 2038 edentulo
2078 1981 2365 2056 praeclitum

412 2089 486 2146 sit.
566 2089 796 2147 Teneras
835 2108 962 2148 vero
998 2090 1243 2148 fucorum
1281 2090 1436 2147 fibras
1480 2089 1625 2146 facile
1669 2088 1901 2165 digerere
1941 2088 2107 2160 valet,
2151 2089 2366 2172 quaepin

412 2196 705 2255 ventriculo
727 2199 882 2254 etiam
907 2202 1193 2256 tenerrimo
1217 2198 1466 2257 affluente
1491 2199 1690 2254 marina
1715 2198 1771 2254 &
1810 2196 2125 2255 humoribus
2164 2195 2362 2253 homo·

412 2305 588 2380 geneis
615 2318 878 2362 macerata
897 2306 1084 2381 sponte
1112 2305 1216 2366 fere
1243 2308 1485 2366 difiuunt.
2004 2371 2005 2374 Ἴ

668 2415 732 2468 In
759 2413 885 2470 cibis
920 2433 950 2470 a
983 2415 1194 2471 nemine
1227 2413 1541 2486 adhibetur,
1580 2414 1697 2474 licet
1738 2411 1881 2470 nulla
1925 2413 2087 2469 noxia
2125 2413 2287 2469 virtus
2325 2429 2357 2470 a

409 2517 756 2593 piscatoribus
781 2519 869 2594 ipfi
893 2522 1222 2604 attribuatur.
1296 2523 1351 2578 Si
1376 2540 1503 2579 vero
1524 2540 1585 2578 ex
1611 2521 1859 2579 strutiura
1895 2524 1999 2595 ejus
2029 2520 2353 2594 conjeffiura-

408 2644 464 2685 re
491 2628 767 2699 deberem,
808 2640 985 2687 utrum
1013 2608 1069 2684 in.
1088 2628 1211 2685 cibis
1237 2630 1452 2686 innoxie
1487 2628 1664 2687 affumi
1702 2626 1902 2703 posset?
1941 2627 2252 2686 affirmative
2283 2645 2358 2684 re-

401 2733 665 2810 spondere
684 2736 831 2792 haud
858 2753 1071 2792 vererer.
1152 2736 1425 2812 Siquidem
1454 2735 1705 2812 glandula
1726 2736 2022 2793 venenifera
2041 2736 2096 2791 in
2135 2754 2201 2791 eo
2228 2733 2355 2791 defi·-

398 2843 499 2912 cit,
542 2843 599 2900 &
625 2843 765 2900 odor
787 2856 896 2899 tam
920 2842 1348 2908 nauseabundus,
1389 2845 1525 2901 acin
1554 2847 1728 2899 lernaea
1761 2859 1876 2897 non
1902 2845 2219 2919 percipitur,
2260 2840 2352 2917 qui

401 2952 668 3011 vomitum
695 2954 751 3010 in
776 2951 1171 3010 delicatioribus
1205 2951 1461 3024 prolicere
1498 2950 1677 3028 poffet.
1758 2951 2013 3024 Accedit,
2053 2950 2207 3028 quod
2244 2949 2349 3005 ani-

2160 3072 2274 3112 ma-
