2513 3435
147 664 338 729 mum
368 649 626 724 Αυᾶοι·
656 651 1089 725 Bibliothecae
1119 658 1512 744 impartialis
1544 657 1940 748 impugnat,
1970 680 2115 729 non
2145 659 2369 732 infun-

144 755 300 823 date
327 749 572 839 positus
605 748 696 820 fit.
793 747 974 818 Nam
998 751 1185 837 juxta
1218 748 1317 818 Cl.
1356 750 1718 819 LINNAEUM
1742 751 1922 840 stpia
1962 775 2218 823 nomen
2256 777 2371 847 ge-

142 849 448 916 nericum
486 843 616 928 est,
667 840 785 910 sub
819 864 956 932 quo
986 844 1300 931 Polypus,
1346 844 1528 935 loligo
1579 845 1642 913 &
1659 844 1838 932 st’pia
1878 849 2153 935 proprie
2194 848 2369 922 (11613

143 940 601 1009 continentur.
698 934 913 1025 Atqui
944 937 1182 1006 titulus
1225 935 1697 1007 dissertationis
1731 959 1892 1006 meae
1931 962 2206 1031 quoque
2255 963 2370 1034 ge-

140 1035 408 1104 nericus
441 1030 566 1110 est,
617 1028 931 1098 videlicet
961 1029 1373 1118 desbpiarmn
1403 1033 1573 1100 ovis:
1627 1031 1812 1100 unde
1860 1034 1967 1101 vel
2016 1033 2100 1102 de
2128 1035 2369 1123 Polypo

140 1128 251 1197 vel
284 1125 369 1193 de
417 1123 690 1212 loligine,
741 1139 859 1191 aut
884 1124 969 1190 de
1007 1122 1143 1210 ipsa
1154 1121 1335 1209 sepia
1367 1125 1643 1212 proprie
1699 1123 1874 1195 (1183
1914 1129 2203 1218 intelligi
2246 1151 2365 1218 po-

140 1220 285 1291 test.
383 1216 620 1308 Qum
649 1235 816 1283 vero
849 1236 931 1284 ex
967 1215 1293 1284 RUYscHn
1333 1215 1397 1284 &
1440 1216 1540 1286 Cl.
1586 1215 2025 1287 NozEMANNI
2065 1221 2367 1293 observa-

140 1308 449 1384 tionibus
511 1309 814 1397 constet3
886 1308 1253 1398 descriptos
1305 1329 1344 1376 3
1386 1329 1496 1377 1116
1534 1309 1711 1398 julos
1752 1312 2024 1402 loliginis
2062 1335 2178 1384 ova
2218 1315 2364 1400 effe,

141 1403 508 1476 dissertatio
539 1422 690 1471 mea
717 1401 802 1470 de
832 1402 943 1471 illa
969 1402 1297 1490 sepiarum
1329 1401 1541 1490 specie
1571 1403 1900 1474 duntaxat
1924 1408 2367 1500 intelligenda

143 1501 276 1583 est,
331 1518 474 1589 quae
509 1494 625 1562 sub
657 1496 941 1563 nomine
969 1496 1242 1586 loliginis
1271 1513 1522 1565 naturae
1554 1497 1821 1566 euriofis
1847 1504 2054 1569 venit.

397 1588 612 1680 Qod
648 1606 876 1657 autem
908 1591 1305 1680 generieum
1333 1590 1418 1657 de
1436 1664 1445 1676 ⁴
1449 1590 1758 1677 st’piarnm
1803 1595 1940 1662 ovis
1984 1593 2363 1665 sermonem

135 1680 500 1756 habuerim
531 1735 550 1764 ,
629 1681 1189 1771 exsequentibus
1232 1683 1401 1751 meis
1441 1683 1666 1751 verbis
1713 1685 1998 1774 quilibet
2041 1689 2365 1780 colligere

138 1777 394 1868 potest:
444 1773 607 1864 Jam
620 1770 822 1859 facile
823 1773 1047 1863 spere,
1097 1777 1280 1844 etiam
1303 1797 1394 1842 me
1396 1776 1611 1864 stlente
1636 1779 1958 1868 intelligis,
2004 1780 2104 1850 Cl.
2139 1782 2366 1853 NEED-

140 1891 428 1940 HAMIUM
453 1866 854 1956 fifficionem
914 1881 1154 1936 tantum
1210 1871 1282 1935 de
1321 1871 1458 1936 ovis
1499 1878 1591 1937 ex
1635 1869 1932 1958 cmspec‘ln
1987 1877 2366 1945 macularum

139 1966 562 2035 coccinearztm
586 1964 652 2030 in
679 1962 925 2051 loligine
951 1959 1212 2049 habm'ffi
1230 2016 1249 2043 ,
1297 1964 1540 2029 minime
1566 1984 1717 2031 vero
1741 1986 1857 2032 ova
1889 1987 1927 2033 a
1952 1968 2116 2056 pg'fce
2157 1972 2365 2059 depost-

136 2072 208 2131 ia
240 2059 308 2125 δῖ’
321 2069 521 2143 prout
550 2079 582 2122 e
609 2056 773 2122 mari
803 2053 1172 2138 ejiciuntur,
1222 2054 1455 2143 noviffi’.
1557 2055 1767 2125 Paulo
1798 2079 1963 2126 vero
1989 2061 2170 2132 infra
2204 2062 2364 2132 1136-

143 2172 219 2219 66
253 2149 546 2238 protuli:
600 2144 764 2235 Jam
796 2147 1004 2233 qualia
1030 2169 1139 2238 ego
1147 2147 1470 2235 stpiarmn
1501 2171 1619 2218 ova
1649 2151 1992 2220 invenerim
2006 2209 2024 2240 ‚
2077 2159 2295 2225 dicam.

392 2240 716 2309 Praeterea
747 2241 817 2307 in
852 2240 1085 2308 eadem
1114 2242 1178 2329 ᾗ.
1216 2264 1277 2330 p.
1322 2264 1429 2332 13.
1470 2243 1759 2333 legenda
1785 2244 1938 2314 sunt
1964 2246 2178 2317 haecce
2210 2269 2363 2321 mea

138 2332 377 2406 verba:
432 2337 573 2402 Hoc'
585 2348 817 2418 tamen,
868 2337 1400 2421 qztodpmeterire
1425 2358 1544 2404 72072
1587 2340 1771 2406 audeo
1789 2394 1810 2424 ,
1861 2361 2078 2431 magno
2118 2366 2242 2411 meo
2261 2343 2363 2430 β-

135 2431 288 2499 latio
312 2428 451 2519 legi,
482 2426 581 2496 Cl.
619 2425 1105 2495 NEEDHAMIUM
1127 2431 1193 2496 in
1218 2429 1463 2518 loligine
1464 2426 1714 2515 femella
1744 2437 1967 2502 avaria
1993 2438 2092 2521 iis,
2122 2460 2244 2525 qua
2268 2439 2361 2503 de-

113 2520 450 2612 scribenda
489 2519 780 2610 assumpfi‚
821 2543 942 2588 non
964 2523 1258 2613 dffmilia
1287 2521 1623 2612 olfi’rvaſje'n
1723 2526 1975 2618 Qodfi
2022 2531 2249 2620 itaque
2279 2531 2362 2597 lo·

139 2617 354 2706 liginis
385 2616 614 2683 ovaria
641 2636 680 2682 3
707 2613 806 2681 Cl.
831 2613 1260 2683 NEEDHAMro
1287 2617 1359 2683 in
1402 2634 1600 2684 utero
1632 2616 1867 2688 Matris
1899 2621 2224 2691 duntaxat
2265 2625 2361 2690 vi-

140 2709 235 2795 sa,
287 2709 535 2777 ovariis
566 2727 604 2776 a
638 2729 747 2774 me
778 2707 1118 2797 descriptis
1156 2709 1381 2778 fimilia
1416 2710 1538 2777 effe
1571 2712 1847 2800 ipsemet
1884 2734 2111 2803 aperte
2158 2715 2356 2786 fassus

142 2803 291 2882 fim,
370 2800 435 2869 &
480 2799 619 2868 haec
667 2799 1117 2871 nihilominus
1135 2803 1448 2891 stpiarmn
1495 2826 1626 2872 ova
1674 2810 2179 2897 appellaverim,
2249 2809 2358 2878 vel

140 2895 537 2989 genericum
566 2894 650 2963 de
681 2895 762 2965 iis
801 2917 1029 2966 meum
1076 2896 1455 3060 seanonem
1494 2897 1718 2988 fuisse,
1768 2905 1873 2972 vel
1911 2925 2019 2974 me
2067 2906 2358 2974 omnino

1272 3010 1315 3060 2
2003 3026 2008 3031 ’
2081 3029 2084 3032 ·
2137 2998 2265 3069 loli-
