<?xml version="1.0" encoding="UTF-8"?>
<!DOCTYPE html PUBLIC "-//W3C//DTD XHTML 1.0 Transitional//EN"
    "http://www.w3.org/TR/xhtml1/DTD/xhtml1-transitional.dtd">
<html xmlns="http://www.w3.org/1999/xhtml" xml:lang="en" lang="en">
 <head>
  <title>
</title>
<meta http-equiv="Content-Type" content="text/html;charset=utf-8" />
  <meta name='ocr-system' content='tesseract 3.04.00' />
  <meta name='ocr-capabilities' content='ocr_page ocr_carea ocr_par ocr_line ocrx_word'/>
</head>
<body>
  <div class='ocr_page' id='page_1' title='image "./dequibusdamanima00boh_0030.png"; bbox 0 0 2513 3435; ppageno 0'>
   <div class='ocr_carea' id='block_1_1' title="bbox 423 77 1550 145">
    <p class='ocr_par' dir='ltr' id='par_1_1' title="bbox 423 77 1550 145">
     <span class='ocr_line' id='line_1_1' title="bbox 423 77 1550 145; baseline -0.011 0"><span class='ocrx_word' id='word_1_1' title='bbox 423 96 458 145; x_wconf 87' lang='lat'>6</span> <span class='ocrx_word' id='word_1_2' title='bbox 1243 78 1472 137; x_wconf 76' lang='lat' dir='ltr'>CAPUT</span> <span class='ocrx_word' id='word_1_3' title='bbox 1513 77 1550 135; x_wconf 91' lang='lat'>1.</span> 
     </span>
    </p>
   </div>
   <div class='ocr_carea' id='block_1_2' title="bbox 147 196 2443 2985">
    <p class='ocr_par' dir='ltr' id='par_1_2' title="bbox 147 196 2443 2985">
     <span class='ocr_line' id='line_1_2' title="bbox 418 196 2369 284; baseline -0.004 -16"><span class='ocrx_word' id='word_1_4' title='bbox 418 208 672 284; x_wconf 88' lang='lat' dir='ltr'>Denique</span> <span class='ocrx_word' id='word_1_5' title='bbox 696 203 1000 263; x_wconf 85' lang='lat' dir='ltr'>intestinum</span> <span class='ocrx_word' id='word_1_6' title='bbox 1024 200 1242 262; x_wconf 79' lang='lat' dir='ltr'>crassum</span> <span class='ocrx_word' id='word_1_7' title='bbox 1264 202 1314 269; x_wconf 71' lang='lat' dir='ltr'>f?</span> <span class='ocrx_word' id='word_1_8' title='bbox 1346 200 1401 257; x_wconf 90' lang='lat' dir='ltr'>in</span> <span class='ocrx_word' id='word_1_9' title='bbox 1436 200 1637 258; x_wconf 71' lang='lat' dir='ltr'>annum</span> <span class='ocrx_word' id='word_1_10' title='bbox 1667 198 1930 271; x_wconf 77' lang='lat' dir='ltr'>desinens,</span> <span class='ocrx_word' id='word_1_11' title='bbox 1973 213 2036 257; x_wconf 81' lang='lat' dir='ltr'>ex</span> <span class='ocrx_word' id='word_1_12' title='bbox 2072 214 2185 275; x_wconf 89' lang='lat' dir='ltr'>quo</span> <span class='ocrx_word' id='word_1_13' title='bbox 2220 196 2369 260; x_wconf 86' lang='lat' dir='ltr'>faeces</span> 
     </span>
     <span class='ocr_line' id='line_1_3' title="bbox 418 307 2368 393; baseline -0.004 -18"><span class='ocrx_word' id='word_1_14' title='bbox 418 318 621 393; x_wconf 78' lang='lat' dir='ltr'>exiguae</span> <span class='ocrx_word' id='word_1_15' title='bbox 654 315 909 389; x_wconf 73' lang='lat' dir='ltr'>oblongae</span> <span class='ocrx_word' id='word_1_16' title='bbox 944 335 993 391; x_wconf 81' lang='lat' dir='ltr'>g.</span> <span class='ocrx_word' id='word_1_17' title='bbox 1034 312 1324 387; x_wconf 86' lang='lat' dir='ltr'>ejiciuntur.</span> <span class='ocrx_word' id='word_1_18' title='bbox 1420 308 1482 365; x_wconf 91' lang='lat' dir='ltr'>In</span> <span class='ocrx_word' id='word_1_19' title='bbox 1524 308 1630 367; x_wconf 86' lang='lat' dir='ltr'>hac</span> <span class='ocrx_word' id='word_1_20' title='bbox 1666 307 1835 384; x_wconf 81' lang='lat' dir='ltr'>figura</span> <span class='ocrx_word' id='word_1_21' title='bbox 1866 308 2013 368; x_wconf 85' lang='lat' dir='ltr'>fimul</span> <span class='ocrx_word' id='word_1_22' title='bbox 2050 307 2368 385; x_wconf 75' lang='lat' dir='ltr'>conspicitur</span> 
     </span>
     <span class='ocr_line' id='line_1_4' title="bbox 417 416 1500 502; baseline -0.013 -17"><span class='ocrx_word' id='word_1_23' title='bbox 417 427 565 502; x_wconf 85' lang='lat' dir='ltr'>penis</span> <span class='ocrx_word' id='word_1_24' title='bbox 591 416 736 483; x_wconf 77' lang='lat' dir='ltr'>extra</span> <span class='ocrx_word' id='word_1_25' title='bbox 761 422 1004 478; x_wconf 83' lang='lat' dir='ltr'>foramen</span> <span class='ocrx_word' id='word_1_26' title='bbox 1034 418 1184 475; x_wconf 90' lang='lat' dir='ltr'>suum</span> <span class='ocrx_word' id='word_1_27' title='bbox 1212 429 1429 474; x_wconf 83' lang='lat' dir='ltr'>exertus.</span> <span class='ocrx_word' id='word_1_28' title='bbox 1452 416 1500 471; x_wconf 82' lang='lat' dir='ltr'>h.</span> 
     </span>
     <span class='ocr_line' id='line_1_5' title="bbox 147 522 2368 607; baseline -0.005 -15"><span class='ocrx_word' id='word_1_29' title='bbox 147 558 288 607; x_wconf 67' lang='grc' dir='ltr'><strong>ΤΑΒ,</strong></span> <span class='ocrx_word' id='word_1_30' title='bbox 317 555 399 605; x_wconf 68' lang='grc' dir='ltr'>Ἤ,</span> <span class='ocrx_word' id='word_1_31' title='bbox 672 532 795 588; x_wconf 83' lang='lat' dir='ltr'>Pars</span> <span class='ocrx_word' id='word_1_32' title='bbox 818 534 994 585; x_wconf 76' lang='lat' dir='ltr'>lemaeae</span> <span class='ocrx_word' id='word_1_33' title='bbox 1035 524 1277 597; x_wconf 81' lang='lat' dir='ltr'>inferior,</span> <span class='ocrx_word' id='word_1_34' title='bbox 1321 525 1408 582; x_wconf 75' lang='lat' dir='ltr'>seu</span> <span class='ocrx_word' id='word_1_35' title='bbox 1434 536 1614 583; x_wconf 85' lang='lat' dir='ltr'>venter</span> <span class='ocrx_word' id='word_1_36' title='bbox 1645 526 1832 600; x_wconf 80' lang='lat' dir='ltr'>planus</span> <span class='ocrx_word' id='word_1_37' title='bbox 1865 526 1966 597; x_wconf 82' lang='lat' dir='ltr'>est,</span> <span class='ocrx_word' id='word_1_38' title='bbox 2007 542 2071 583; x_wconf 84' lang='lat' dir='ltr'>ex</span> <span class='ocrx_word' id='word_1_39' title='bbox 2107 525 2235 585; x_wconf 89' lang='lat' dir='ltr'>albo</span> <span class='ocrx_word' id='word_1_40' title='bbox 2260 522 2368 581; x_wconf 61' lang='lat' dir='ltr'>‘suc</span> 
     </span>
     <span class='ocr_line' id='line_1_6' title="bbox 151 630 2368 701; baseline -0.002 -6"><span class='ocrx_word' id='word_1_41' title='bbox 151 630 299 695; x_wconf 71' lang='lat' dir='ltr'>figura</span> <span class='ocrx_word' id='word_1_42' title='bbox 323 643 370 677; x_wconf 84' lang='lat'>2·</span> <span class='ocrx_word' id='word_1_43' title='bbox 418 641 650 701; x_wconf 86' lang='lat' dir='ltr'>cescente</span> <span class='ocrx_word' id='word_1_44' title='bbox 679 639 859 695; x_wconf 85' lang='lat' dir='ltr'>colore</span> <span class='ocrx_word' id='word_1_45' title='bbox 889 635 1105 699; x_wconf 55' lang='lat' dir='ltr'>tinctus,</span> <span class='ocrx_word' id='word_1_46' title='bbox 1150 651 1268 691; x_wconf 89' lang='lat' dir='ltr'>non</span> <span class='ocrx_word' id='word_1_47' title='bbox 1290 634 1431 691; x_wconf 77' lang='lat' dir='ltr'>secus</span> <span class='ocrx_word' id='word_1_48' title='bbox 1463 651 1523 690; x_wconf 89' lang='lat' dir='ltr'>ac</span> <span class='ocrx_word' id='word_1_49' title='bbox 1560 632 1618 689; x_wconf 84' lang='lat' dir='ltr'>in</span> <span class='ocrx_word' id='word_1_50' title='bbox 1653 633 1838 692; x_wconf 87' lang='lat' dir='ltr'>limace</span> <span class='ocrx_word' id='word_1_51' title='bbox 1871 635 2026 692; x_wconf 90' lang='lat' dir='ltr'>nudo</span> <span class='ocrx_word' id='word_1_52' title='bbox 2059 633 2186 693; x_wconf 87' lang='lat' dir='ltr'>striis</span> <span class='ocrx_word' id='word_1_53' title='bbox 2219 632 2368 692; x_wconf 81' lang='lat' dir='ltr'>variis</span> 
     </span>
     <span class='ocr_line' id='line_1_7' title="bbox 417 739 2365 825; baseline -0.007 -16"><span class='ocrx_word' id='word_1_54' title='bbox 417 744 894 825; x_wconf 82' lang='lat' dir='ltr'>longitudinalibus</span> <span class='ocrx_word' id='word_1_55' title='bbox 915 765 961 800; x_wconf 77' lang='lat' dir='ltr'>a.</span> <span class='ocrx_word' id='word_1_56' title='bbox 989 743 1046 800; x_wconf 91' lang='lat'>&amp;</span> <span class='ocrx_word' id='word_1_57' title='bbox 1070 742 1430 799; x_wconf 87' lang='lat' dir='ltr'>reticularibus</span> <span class='ocrx_word' id='word_1_58' title='bbox 1463 753 1701 798; x_wconf 83' lang='lat' dir='ltr'>notatus.</span> <span class='ocrx_word' id='word_1_59' title='bbox 1775 742 2019 800; x_wconf 85' lang='lat' dir='ltr'>Maxima</span> <span class='ocrx_word' id='word_1_60' title='bbox 2053 745 2160 819; x_wconf 88' lang='lat' dir='ltr'>ejus</span> <span class='ocrx_word' id='word_1_61' title='bbox 2190 739 2365 798; x_wconf 87' lang='lat' dir='ltr'>latitu-</span> 
     </span>
     <span class='ocr_line' id='line_1_8' title="bbox 419 848 2367 931; baseline -0.006 -15"><span class='ocrx_word' id='word_1_62' title='bbox 419 860 495 917; x_wconf 90' lang='lat' dir='ltr'>do</span> <span class='ocrx_word' id='word_1_63' title='bbox 517 855 701 931; x_wconf 85' lang='lat' dir='ltr'>viginti</span> <span class='ocrx_word' id='word_1_64' title='bbox 725 854 889 910; x_wconf 87' lang='lat' dir='ltr'>lineas</span> <span class='ocrx_word' id='word_1_65' title='bbox 920 852 1230 927; x_wconf 78' lang='lat' dir='ltr'>assequitur,</span> <span class='ocrx_word' id='word_1_66' title='bbox 1272 849 1315 904; x_wconf 83' lang='lat' dir='ltr'>b.</span> <span class='ocrx_word' id='word_1_67' title='bbox 1337 850 1379 906; x_wconf 85' lang='lat' dir='ltr'>b.</span> <span class='ocrx_word' id='word_1_68' title='bbox 1413 848 1700 925; x_wconf 84' lang='lat' dir='ltr'>longitudo</span> <span class='ocrx_word' id='word_1_69' title='bbox 1727 866 1854 908; x_wconf 88' lang='lat' dir='ltr'>vero</span> <span class='ocrx_word' id='word_1_70' title='bbox 1882 852 1950 909; x_wconf 83' lang='lat' dir='ltr'>ab</span> <span class='ocrx_word' id='word_1_71' title='bbox 1973 869 2066 909; x_wconf 89' lang='lat' dir='ltr'>ore</span> <span class='ocrx_word' id='word_1_72' title='bbox 2101 849 2170 907; x_wconf 86' lang='lat' dir='ltr'>ad</span> <span class='ocrx_word' id='word_1_73' title='bbox 2200 864 2367 905; x_wconf 86' lang='lat' dir='ltr'>anum</span> 
     </span>
     <span class='ocr_line' id='line_1_9' title="bbox 416 956 2370 1041; baseline -0.007 -18"><span class='ocrx_word' id='word_1_74' title='bbox 416 984 583 1041; x_wconf 86' lang='lat' dir='ltr'>usque</span> <span class='ocrx_word' id='word_1_75' title='bbox 603 979 904 1033; x_wconf 75' lang='lat' dir='ltr'>excurrenS,</span> <span class='ocrx_word' id='word_1_76' title='bbox 943 977 1045 1033; x_wconf 85' lang='lat' dir='ltr'>pro</span> <span class='ocrx_word' id='word_1_77' title='bbox 1077 959 1250 1016; x_wconf 85' lang='lat' dir='ltr'>lubitu</span> <span class='ocrx_word' id='word_1_78' title='bbox 1280 956 1518 1019; x_wconf 83' lang='lat' dir='ltr'>animalis</span> <span class='ocrx_word' id='word_1_79' title='bbox 1550 957 1848 1015; x_wconf 85' lang='lat' dir='ltr'>extenditur</span> <span class='ocrx_word' id='word_1_80' title='bbox 1883 956 1965 1016; x_wconf 85' lang='lat' dir='ltr'>vel</span> <span class='ocrx_word' id='word_1_81' title='bbox 1999 957 2370 1026; x_wconf 77' lang='lat' dir='ltr'>contrahitur5</span> 
     </span>
     <span class='ocr_line' id='line_1_10' title="bbox 416 1063 2367 1152; baseline -0.006 -21"><span class='ocrx_word' id='word_1_82' title='bbox 416 1072 748 1152; x_wconf 78' lang='lat' dir='ltr'>quandoque</span> <span class='ocrx_word' id='word_1_83' title='bbox 770 1069 904 1127; x_wconf 82' lang='lat' dir='ltr'>ultra</span> <span class='ocrx_word' id='word_1_84' title='bbox 925 1068 1141 1127; x_wconf 86' lang='lat' dir='ltr'>dorsum</span> <span class='ocrx_word' id='word_1_85' title='bbox 1157 1112 1172 1138; x_wconf 82' lang='grc'>,</span> <span class='ocrx_word' id='word_1_86' title='bbox 1211 1066 1360 1139; x_wconf 84' lang='lat' dir='ltr'>pedis</span> <span class='ocrx_word' id='word_1_87' title='bbox 1385 1064 1580 1123; x_wconf 81' lang='lat' dir='ltr'>limacis</span> <span class='ocrx_word' id='word_1_88' title='bbox 1603 1066 1830 1123; x_wconf 89' lang='lat' dir='ltr'>adinstar</span> <span class='ocrx_word' id='word_1_89' title='bbox 1845 1110 1860 1139; x_wconf 77' lang='lat'>‚</span> <span class='ocrx_word' id='word_1_90' title='bbox 1880 1077 2037 1122; x_wconf 82' lang='lat' dir='ltr'>extat.</span> <span class='ocrx_word' id='word_1_91' title='bbox 2118 1063 2206 1122; x_wconf 84' lang='lat' dir='ltr'>Ad</span> <span class='ocrx_word' id='word_1_92' title='bbox 2228 1064 2367 1138; x_wconf 85' lang='lat' dir='ltr'>prin·</span> 
     </span>
     <span class='ocr_line' id='line_1_11' title="bbox 413 1169 2365 1259; baseline -0.008 -19"><span class='ocrx_word' id='word_1_93' title='bbox 413 1184 608 1259; x_wconf 86' lang='lat' dir='ltr'>cipium</span> <span class='ocrx_word' id='word_1_94' title='bbox 633 1181 823 1238; x_wconf 84' lang='lat' dir='ltr'>ventris</span> <span class='ocrx_word' id='word_1_95' title='bbox 846 1178 977 1233; x_wconf 84' lang='lat' dir='ltr'>rima</span> <span class='ocrx_word' id='word_1_96' title='bbox 1008 1187 1227 1251; x_wconf 86' lang='lat' dir='ltr'>apparet</span> <span class='ocrx_word' id='word_1_97' title='bbox 1259 1172 1657 1249; x_wconf 83' lang='lat' dir='ltr'>longitudinalis</span> <span class='ocrx_word' id='word_1_98' title='bbox 1699 1196 1738 1228; x_wconf 87' lang='lat' dir='ltr'>c.</span> <span class='ocrx_word' id='word_1_99' title='bbox 1769 1191 1829 1230; x_wconf 89' lang='lat' dir='ltr'>os</span> <span class='ocrx_word' id='word_1_100' title='bbox 1863 1170 2190 1244; x_wconf 79' lang='lat' dir='ltr'>recondenS,</span> <span class='ocrx_word' id='word_1_101' title='bbox 2235 1187 2267 1226; x_wconf 87' lang='lat' dir='ltr'>a</span> <span class='ocrx_word' id='word_1_102' title='bbox 2296 1169 2365 1225; x_wconf 88' lang='lat' dir='ltr'>la-</span> 
     </span>
     <span class='ocr_line' id='line_1_12' title="bbox 412 1278 2361 1365; baseline -0.007 -16"><span class='ocrx_word' id='word_1_103' title='bbox 412 1294 520 1356; x_wconf 88' lang='lat' dir='ltr'>bi0,</span> <span class='ocrx_word' id='word_1_104' title='bbox 542 1287 694 1365; x_wconf 89' lang='lat' dir='ltr'>quod</span> <span class='ocrx_word' id='word_1_105' title='bbox 717 1288 770 1344; x_wconf 87' lang='lat' dir='ltr'>in</span> <span class='ocrx_word' id='word_1_106' title='bbox 791 1285 1019 1342; x_wconf 82' lang='lat' dir='ltr'>formam</span> <span class='ocrx_word' id='word_1_107' title='bbox 1041 1300 1308 1340; x_wconf 88' lang='lat' dir='ltr'>cornuum</span> <span class='ocrx_word' id='word_1_108' title='bbox 1335 1281 1670 1358; x_wconf 86' lang='lat' dir='ltr'>quandoque</span> <span class='ocrx_word' id='word_1_109' title='bbox 1705 1294 2020 1356; x_wconf 71' lang='lat' dir='ltr'>torquetur,</span> <span class='ocrx_word' id='word_1_110' title='bbox 2067 1278 2361 1337; x_wconf 85' lang='lat' dir='ltr'>efformata.</span> 
     </span>
     <span class='ocr_line' id='line_1_13' title="bbox 670 1385 2368 1465; baseline -0.005 -13"><span class='ocrx_word' id='word_1_111' title='bbox 670 1394 973 1452; x_wconf 87' lang='lat' dir='ltr'>Substantia</span> <span class='ocrx_word' id='word_1_112' title='bbox 1007 1392 1230 1460; x_wconf 84' lang='lat' dir='ltr'>ventriS,</span> <span class='ocrx_word' id='word_1_113' title='bbox 1274 1389 1440 1461; x_wconf 81' lang='lat' dir='ltr'>dorfi,</span> <span class='ocrx_word' id='word_1_114' title='bbox 1482 1388 1608 1446; x_wconf 91' lang='lat' dir='ltr'>labii</span> <span class='ocrx_word' id='word_1_115' title='bbox 1644 1391 1776 1461; x_wconf 83' lang='lat' dir='ltr'>oris,</span> <span class='ocrx_word' id='word_1_116' title='bbox 1830 1389 2009 1465; x_wconf 82' lang='lat' dir='ltr'>capitis</span> <span class='ocrx_word' id='word_1_117' title='bbox 2048 1400 2210 1463; x_wconf 91' lang='lat' dir='ltr'>atque</span> <span class='ocrx_word' id='word_1_118' title='bbox 2245 1385 2368 1445; x_wconf 88' lang='lat' dir='ltr'>colli</span> 
     </span>
     <span class='ocr_line' id='line_1_14' title="bbox 410 1494 2365 1567; baseline -0.007 -1"><span class='ocrx_word' id='word_1_119' title='bbox 410 1505 700 1567; x_wconf 80' lang='lat' dir='ltr'>conformis</span> <span class='ocrx_word' id='word_1_120' title='bbox 726 1504 953 1560; x_wconf 90' lang='lat' dir='ltr'>omnino</span> <span class='ocrx_word' id='word_1_121' title='bbox 978 1500 1073 1556; x_wconf 89' lang='lat' dir='ltr'>est:</span> <span class='ocrx_word' id='word_1_122' title='bbox 1119 1519 1181 1557; x_wconf 87' lang='lat' dir='ltr'>ex</span> <span class='ocrx_word' id='word_1_123' title='bbox 1215 1497 1368 1557; x_wconf 86' lang='lat' dir='ltr'>variis</span> <span class='ocrx_word' id='word_1_124' title='bbox 1401 1496 1641 1555; x_wconf 68' lang='lat' dir='ltr'>videlicet</span> <span class='ocrx_word' id='word_1_125' title='bbox 1676 1496 1817 1554; x_wconf 87' lang='lat' dir='ltr'>fibris</span> <span class='ocrx_word' id='word_1_126' title='bbox 1851 1498 2008 1566; x_wconf 84' lang='lat' dir='ltr'>albiS,</span> <span class='ocrx_word' id='word_1_127' title='bbox 2051 1494 2247 1567; x_wconf 77' lang='lat' dir='ltr'>crasiiS,</span> <span class='ocrx_word' id='word_1_128' title='bbox 2287 1508 2365 1552; x_wconf 87' lang='lat' dir='ltr'>te·</span> 
     </span>
     <span class='ocr_line' id='line_1_15' title="bbox 408 1582 2364 1686; baseline -0.007 -13"><span class='ocrx_word' id='word_1_129' title='bbox 408 1613 792 1686; x_wconf 85' lang='lat' dir='ltr'>nuioribusque</span> <span class='ocrx_word' id='word_1_130' title='bbox 826 1607 1303 1685; x_wconf 85' lang='lat' dir='ltr'>longitudinaliter,</span> <span class='ocrx_word' id='word_1_131' title='bbox 1344 1606 1563 1681; x_wconf 85' lang='lat' dir='ltr'>oblique</span> <span class='ocrx_word' id='word_1_132' title='bbox 1592 1582 2011 1662; x_wconf 77' lang='lat' dir='ltr'>&amp;transversim</span> <span class='ocrx_word' id='word_1_133' title='bbox 2048 1603 2364 1660; x_wconf 81' lang='lat' dir='ltr'>decurrenti-</span> 
     </span>
     <span class='ocr_line' id='line_1_16' title="bbox 408 1710 2362 1795; baseline -0.008 -13"><span class='ocrx_word' id='word_1_134' title='bbox 408 1724 537 1794; x_wconf 75' lang='lat' dir='ltr'>bus,</span> <span class='ocrx_word' id='word_1_135' title='bbox 580 1734 740 1795; x_wconf 75' lang='lat' dir='ltr'>atque</span> <span class='ocrx_word' id='word_1_136' title='bbox 767 1719 969 1777; x_wconf 78' lang='lat' dir='ltr'>varium</span> <span class='ocrx_word' id='word_1_137' title='bbox 992 1718 1047 1773; x_wconf 89' lang='lat' dir='ltr'>in</span> <span class='ocrx_word' id='word_1_138' title='bbox 1069 1715 1295 1772; x_wconf 88' lang='lat' dir='ltr'>modum</span> <span class='ocrx_word' id='word_1_139' title='bbox 1319 1713 1368 1770; x_wconf 75' lang='lat' dir='ltr'>st:</span> <span class='ocrx_word' id='word_1_140' title='bbox 1405 1714 1629 1772; x_wconf 87' lang='lat' dir='ltr'>invicem</span> <span class='ocrx_word' id='word_1_141' title='bbox 1666 1710 2054 1769; x_wconf 64' lang='lat' dir='ltr'>decufiantibus</span> <span class='ocrx_word' id='word_1_142' title='bbox 2086 1711 2362 1786; x_wconf 84' lang='lat' dir='ltr'>compagi·</span> 
     </span>
     <span class='ocr_line' id='line_1_17' title="bbox 408 1816 2364 1901; baseline -0.007 -13"><span class='ocrx_word' id='word_1_143' title='bbox 408 1844 562 1901; x_wconf 72' lang='lat' dir='ltr'>nata,</span> <span class='ocrx_word' id='word_1_144' title='bbox 603 1832 673 1886; x_wconf 82' lang='lat' dir='ltr'>ita</span> <span class='ocrx_word' id='word_1_145' title='bbox 695 1840 755 1883; x_wconf 88' lang='lat' dir='ltr'>ut</span> <span class='ocrx_word' id='word_1_146' title='bbox 777 1839 884 1883; x_wconf 85' lang='lat' dir='ltr'>rete</span> <span class='ocrx_word' id='word_1_147' title='bbox 906 1843 1025 1884; x_wconf 80' lang='lat' dir='ltr'>vere</span> <span class='ocrx_word' id='word_1_148' title='bbox 1050 1823 1288 1879; x_wconf 85' lang='lat' dir='ltr'>mirabile</span> <span class='ocrx_word' id='word_1_149' title='bbox 1307 1820 1510 1878; x_wconf 86' lang='lat' dir='ltr'>referat.</span> <span class='ocrx_word' id='word_1_150' title='bbox 1592 1820 1894 1878; x_wconf 81' lang='lat' dir='ltr'>Substantia</span> <span class='ocrx_word' id='word_1_151' title='bbox 1921 1819 2036 1875; x_wconf 87' lang='lat' dir='ltr'>haec</span> <span class='ocrx_word' id='word_1_152' title='bbox 2056 1816 2248 1875; x_wconf 70' lang='lat' dir='ltr'>fibroia</span> <span class='ocrx_word' id='word_1_153' title='bbox 2288 1836 2364 1875; x_wconf 84' lang='lat' dir='ltr'>re·</span> 
     </span>
     <span class='ocr_line' id='line_1_18' title="bbox 408 1924 2360 1997; baseline -0.007 -1"><span class='ocrx_word' id='word_1_154' title='bbox 408 1937 633 1997; x_wconf 73' lang='lat' dir='ltr'>titularis</span> <span class='ocrx_word' id='word_1_155' title='bbox 659 1931 970 1991; x_wconf 73' lang='lat' dir='ltr'>extrinsecus</span> <span class='ocrx_word' id='word_1_156' title='bbox 994 1931 1305 1988; x_wconf 87' lang='lat' dir='ltr'>membrana</span> <span class='ocrx_word' id='word_1_157' title='bbox 1333 1927 1500 1985; x_wconf 88' lang='lat' dir='ltr'>solida</span> <span class='ocrx_word' id='word_1_158' title='bbox 1537 1929 1623 1985; x_wconf 86' lang='lat' dir='ltr'>vix</span> <span class='ocrx_word' id='word_1_159' title='bbox 1655 1924 1927 1982; x_wconf 80' lang='lat' dir='ltr'>dimidiam</span> <span class='ocrx_word' id='word_1_160' title='bbox 1959 1925 2149 1982; x_wconf 86' lang='lat' dir='ltr'>lineam</span> <span class='ocrx_word' id='word_1_161' title='bbox 2186 1924 2360 1997; x_wconf 70' lang='lat' dir='ltr'>craffa,</span> 
     </span>
     <span class='ocr_line' id='line_1_19' title="bbox 407 2033 2359 2122; baseline -0.008 -17"><span class='ocrx_word' id='word_1_162' title='bbox 407 2061 572 2122; x_wconf 87' lang='lat' dir='ltr'>atque</span> <span class='ocrx_word' id='word_1_163' title='bbox 616 2059 675 2101; x_wconf 87' lang='lat' dir='ltr'>ut</span> <span class='ocrx_word' id='word_1_164' title='bbox 712 2042 865 2118; x_wconf 86' lang='lat' dir='ltr'>supra</span> <span class='ocrx_word' id='word_1_165' title='bbox 901 2038 1118 2098; x_wconf 84' lang='lat' dir='ltr'>memini</span> <span class='ocrx_word' id='word_1_166' title='bbox 1150 2038 1417 2107; x_wconf 85' lang='lat' dir='ltr'>colorata,</span> <span class='ocrx_word' id='word_1_167' title='bbox 1468 2034 1772 2092; x_wconf 73' lang='lat' dir='ltr'>intriniecus</span> <span class='ocrx_word' id='word_1_168' title='bbox 1810 2050 1938 2089; x_wconf 83' lang='lat' dir='ltr'>vero</span> <span class='ocrx_word' id='word_1_169' title='bbox 1980 2033 2076 2089; x_wconf 76' lang='lat' dir='ltr'>alia</span> <span class='ocrx_word' id='word_1_170' title='bbox 2116 2033 2359 2090; x_wconf 82' lang='lat' dir='ltr'>tenuiore</span> 
     </span>
     <span class='ocr_line' id='line_1_20' title="bbox 407 2140 2357 2226; baseline -0.008 -13"><span class='ocrx_word' id='word_1_171' title='bbox 407 2151 633 2214; x_wconf 83' lang='lat' dir='ltr'>candida</span> <span class='ocrx_word' id='word_1_172' title='bbox 658 2152 715 2208; x_wconf 74' lang='grc' dir='ltr'>δε</span> <span class='ocrx_word' id='word_1_173' title='bbox 747 2166 970 2226; x_wconf 86' lang='lat' dir='ltr'>quoque</span> <span class='ocrx_word' id='word_1_174' title='bbox 1005 2145 1169 2202; x_wconf 87' lang='lat' dir='ltr'>solida</span> <span class='ocrx_word' id='word_1_175' title='bbox 1202 2143 1507 2200; x_wconf 87' lang='lat' dir='ltr'>obducitur.</span> <span class='ocrx_word' id='word_1_176' title='bbox 1590 2143 1728 2199; x_wconf 84' lang='lat' dir='ltr'>Inter</span> <span class='ocrx_word' id='word_1_177' title='bbox 1765 2142 1919 2199; x_wconf 80' lang='lat' dir='ltr'>fibras</span> <span class='ocrx_word' id='word_1_178' title='bbox 1950 2141 2259 2219; x_wconf 84' lang='lat' dir='ltr'>reticulatim</span> <span class='ocrx_word' id='word_1_179' title='bbox 2299 2140 2357 2197; x_wconf 90' lang='lat'>&amp;</span> 
     </span>
     <span class='ocr_line' id='line_1_21' title="bbox 407 2245 2360 2325; baseline -0.012 -5"><span class='ocrx_word' id='word_1_180' title='bbox 407 2266 518 2323; x_wconf 79' lang='lat' dir='ltr'>laxe</span> <span class='ocrx_word' id='word_1_181' title='bbox 544 2259 840 2319; x_wconf 80' lang='lat' dir='ltr'>admodum</span> <span class='ocrx_word' id='word_1_182' title='bbox 866 2259 998 2313; x_wconf 86' lang='lat' dir='ltr'>inter</span> <span class='ocrx_word' id='word_1_183' title='bbox 1019 2254 1066 2309; x_wconf 78' lang='lat' dir='ltr'>se</span> <span class='ocrx_word' id='word_1_184' title='bbox 1088 2253 1415 2309; x_wconf 64' lang='lat' dir='ltr'>cohaerentes</span> <span class='ocrx_word' id='word_1_185' title='bbox 1443 2251 1619 2325; x_wconf 85' lang='lat' dir='ltr'>liquor</span> <span class='ocrx_word' id='word_1_186' title='bbox 1654 2248 1905 2322; x_wconf 84' lang='lat' dir='ltr'>limpidus</span> <span class='ocrx_word' id='word_1_187' title='bbox 1937 2245 2087 2302; x_wconf 52' lang='lat' dir='ltr'>finistis</span> <span class='ocrx_word' id='word_1_188' title='bbox 2120 2262 2360 2320; x_wconf 84' lang='lat' dir='ltr'>compre.</span> 
     </span>
     <span class='ocr_line' id='line_1_22' title="bbox 407 2350 2355 2441; baseline -0.011 -11"><span class='ocrx_word' id='word_1_189' title='bbox 407 2370 684 2439; x_wconf 74' lang='lat' dir='ltr'>henditur,</span> <span class='ocrx_word' id='word_1_190' title='bbox 709 2367 800 2441; x_wconf 84' lang='lat' dir='ltr'>qui</span> <span class='ocrx_word' id='word_1_191' title='bbox 822 2364 981 2421; x_wconf 84' lang='lat' dir='ltr'>incisa</span> <span class='ocrx_word' id='word_1_192' title='bbox 1001 2361 1245 2418; x_wconf 79' lang='lat' dir='ltr'>exteriori</span> <span class='ocrx_word' id='word_1_193' title='bbox 1266 2358 1574 2415; x_wconf 86' lang='lat' dir='ltr'>membrana</span> <span class='ocrx_word' id='word_1_194' title='bbox 1597 2355 1771 2414; x_wconf 70' lang='lat' dir='ltr'>[enfin]</span> <span class='ocrx_word' id='word_1_195' title='bbox 1797 2353 1989 2425; x_wconf 81' lang='lat' dir='ltr'>effluit3</span> <span class='ocrx_word' id='word_1_196' title='bbox 2029 2367 2191 2429; x_wconf 81' lang='lat' dir='ltr'>atque</span> <span class='ocrx_word' id='word_1_197' title='bbox 2219 2350 2355 2427; x_wconf 87' lang='lat' dir='ltr'>pres-</span> 
     </span>
     <span class='ocr_line' id='line_1_23' title="bbox 407 2453 2443 2541; baseline -0.009 -5"><span class='ocrx_word' id='word_1_198' title='bbox 407 2479 465 2535; x_wconf 87' lang='lat' dir='ltr'>so</span> <span class='ocrx_word' id='word_1_199' title='bbox 488 2475 763 2536; x_wconf 76' lang='lat' dir='ltr'>hincinde</span> <span class='ocrx_word' id='word_1_200' title='bbox 795 2476 969 2529; x_wconf 80' lang='lat' dir='ltr'>lernaeae</span> <span class='ocrx_word' id='word_1_201' title='bbox 997 2485 1227 2541; x_wconf 86' lang='lat' dir='ltr'>corpore</span> <span class='ocrx_word' id='word_1_202' title='bbox 1254 2485 1317 2522; x_wconf 85' lang='lat' dir='ltr'>ex</span> <span class='ocrx_word' id='word_1_203' title='bbox 1355 2465 1608 2523; x_wconf 81' lang='lat' dir='ltr'>omnibus</span> <span class='ocrx_word' id='word_1_204' title='bbox 1648 2465 1755 2537; x_wconf 78' lang='lat' dir='ltr'>ejus</span> <span class='ocrx_word' id='word_1_205' title='bbox 1795 2461 2029 2539; x_wconf 85' lang='lat' dir='ltr'>partibus</span> <span class='ocrx_word' id='word_1_206' title='bbox 2072 2462 2356 2537; x_wconf 85' lang='lat' dir='ltr'>expellitur.</span> <span class='ocrx_word' id='word_1_207' title='bbox 2441 2453 2443 2456; x_wconf 51' lang='grc'>’</span> 
     </span>
     <span class='ocr_line' id='line_1_24' title="bbox 409 2570 2356 2644; baseline -0.011 0"><span class='ocrx_word' id='word_1_208' title='bbox 409 2585 570 2644; x_wconf 88' lang='lat' dir='ltr'>Unde</span> <span class='ocrx_word' id='word_1_209' title='bbox 594 2582 825 2641; x_wconf 84' lang='lat' dir='ltr'>elucescit</span> <span class='ocrx_word' id='word_1_210' title='bbox 847 2578 985 2637; x_wconf 86' lang='lat' dir='ltr'>inter</span> <span class='ocrx_word' id='word_1_211' title='bbox 1008 2576 1192 2633; x_wconf 87' lang='lat' dir='ltr'>omnia</span> <span class='ocrx_word' id='word_1_212' title='bbox 1216 2573 1466 2631; x_wconf 84' lang='lat' dir='ltr'>fibrarum</span> <span class='ocrx_word' id='word_1_213' title='bbox 1490 2571 1758 2629; x_wconf 82' lang='lat' dir='ltr'>interstitia</span> <span class='ocrx_word' id='word_1_214' title='bbox 1784 2584 2029 2626; x_wconf 87' lang='lat' dir='ltr'>mutuam</span> <span class='ocrx_word' id='word_1_215' title='bbox 2053 2570 2356 2626; x_wconf 85' lang='lat' dir='ltr'>communi-</span> 
     </span>
     <span class='ocr_line' id='line_1_25' title="bbox 409 2675 2359 2760; baseline -0.009 -9"><span class='ocrx_word' id='word_1_216' title='bbox 409 2695 674 2751; x_wconf 85' lang='lat' dir='ltr'>cationem</span> <span class='ocrx_word' id='word_1_217' title='bbox 701 2690 845 2760; x_wconf 69' lang='lat' dir='ltr'>dari,</span> <span class='ocrx_word' id='word_1_218' title='bbox 885 2700 1046 2760; x_wconf 86' lang='lat' dir='ltr'>atque</span> <span class='ocrx_word' id='word_1_219' title='bbox 1093 2683 1196 2739; x_wconf 86' lang='lat' dir='ltr'>hac</span> <span class='ocrx_word' id='word_1_220' title='bbox 1219 2685 1424 2740; x_wconf 86' lang='lat' dir='ltr'>ratione</span> <span class='ocrx_word' id='word_1_221' title='bbox 1469 2698 1590 2738; x_wconf 85' lang='lat' dir='ltr'>cum</span> <span class='ocrx_word' id='word_1_222' title='bbox 1627 2677 1913 2754; x_wconf 85' lang='lat' dir='ltr'>panniculo</span> <span class='ocrx_word' id='word_1_223' title='bbox 1946 2675 2359 2751; x_wconf 85' lang='lat' dir='ltr'>quadrupedum</span> 
     </span>
     <span class='ocr_line' id='line_1_26' title="bbox 408 2778 2360 2878; baseline -0.01 -19"><span class='ocrx_word' id='word_1_224' title='bbox 408 2800 591 2878; x_wconf 77' lang='lat' dir='ltr'>adipso</span> <span class='ocrx_word' id='word_1_225' title='bbox 617 2799 899 2875; x_wconf 87' lang='lat' dir='ltr'>plurimum</span> <span class='ocrx_word' id='word_1_226' title='bbox 942 2778 1254 2860; x_wconf 80' lang='lat' dir='ltr'>convenire,</span> <span class='ocrx_word' id='word_1_227' title='bbox 1297 2790 1354 2845; x_wconf 86' lang='lat'>&amp;</span> <span class='ocrx_word' id='word_1_228' title='bbox 1390 2791 1443 2845; x_wconf 91' lang='lat' dir='ltr'>in</span> <span class='ocrx_word' id='word_1_229' title='bbox 1481 2806 1547 2845; x_wconf 90' lang='lat' dir='ltr'>eo</span> <span class='ocrx_word' id='word_1_230' title='bbox 1591 2786 1850 2843; x_wconf 79' lang='lat' dir='ltr'>duntaxat</span> <span class='ocrx_word' id='word_1_231' title='bbox 1900 2783 1969 2840; x_wconf 84' lang='lat' dir='ltr'>ab</span> <span class='ocrx_word' id='word_1_232' title='bbox 2005 2782 2117 2840; x_wconf 88' lang='lat' dir='ltr'>hoc</span> <span class='ocrx_word' id='word_1_233' title='bbox 2155 2781 2360 2855; x_wconf 86' lang='lat' dir='ltr'>diferre,</span> 
     </span>
     <span class='ocr_line' id='line_1_27' title="bbox 407 2891 2356 2985; baseline -0.009 -19"><span class='ocrx_word' id='word_1_234' title='bbox 407 2907 561 2985; x_wconf 86' lang='lat' dir='ltr'>quod</span> <span class='ocrx_word' id='word_1_235' title='bbox 580 2903 667 2963; x_wconf 82' lang='lat' dir='ltr'>hic</span> <span class='ocrx_word' id='word_1_236' title='bbox 691 2904 883 2964; x_wconf 83' lang='lat' dir='ltr'>cellulis</span> <span class='ocrx_word' id='word_1_237' title='bbox 905 2898 1315 2961; x_wconf 84' lang='lat' dir='ltr'>membranaceis</span> <span class='ocrx_word' id='word_1_238' title='bbox 1335 2895 1657 2954; x_wconf 64' lang='lat' dir='ltr'>constructus</span> <span class='ocrx_word' id='word_1_239' title='bbox 1676 2893 1763 2965; x_wconf 80' lang='lat' dir='ltr'>fit,</span> <span class='ocrx_word' id='word_1_240' title='bbox 1802 2891 2083 2951; x_wconf 86' lang='lat' dir='ltr'>substantia</span> <span class='ocrx_word' id='word_1_241' title='bbox 2117 2908 2245 2950; x_wconf 88' lang='lat' dir='ltr'>vero</span> <span class='ocrx_word' id='word_1_242' title='bbox 2264 2895 2356 2948; x_wconf 87' lang='lat' dir='ltr'>ler-</span> 
     </span>
    </p>
   </div>
   <div class='ocr_carea' id='block_1_3' title="bbox 408 2994 2265 3084">
    <p class='ocr_par' dir='ltr' id='par_1_3' title="bbox 408 2994 2265 3084">
     <span class='ocr_line' id='line_1_28' title="bbox 408 2994 2265 3084; baseline -0.01 -12"><span class='ocrx_word' id='word_1_243' title='bbox 408 3038 513 3074; x_wconf 77' lang='lat' dir='ltr'>naeae</span> <span class='ocrx_word' id='word_1_244' title='bbox 532 3012 671 3075; x_wconf 82' lang='lat' dir='ltr'>fibris</span> <span class='ocrx_word' id='word_1_245' title='bbox 693 3009 969 3074; x_wconf 65' lang='lat' dir='ltr'>intetseciis</span> <span class='ocrx_word' id='word_1_246' title='bbox 991 3014 1314 3084; x_wconf 69' lang='lat' dir='ltr'>comparata,</span> <span class='ocrx_word' id='word_1_247' title='bbox 2159 2994 2265 3054; x_wconf 82' lang='lat' dir='ltr'>Ex-</span> 
     </span>
    </p>
   </div>
  </div>
 </body>
</html>
