2513 3435
446 116 545 164 126
1224 93 1452 151 CAPUT
1503 88 1608 147 VI.

438 242 556 302 tur,
594 226 675 286 vel
700 223 755 282 id
780 239 842 279 ex
871 218 1076 297 capfiila
1096 215 1346 276 delabens
1367 216 1588 289 Polypum
1618 232 1647 271 e
1673 211 1792 273 sede
1813 212 1901 272 sua
1936 212 2212 289 propellat.
2290 215 2385 275 At-

440 339 535 414 qui
558 339 755 412 Polypus
782 331 1025 389 omnium
1050 325 1420 385 observatione
1443 322 1596 378 omni
1616 334 1856 397 tempore
1878 322 1936 378 in
1962 320 2051 379 sua
2085 323 2264 382 cellula
2303 324 2388 382 de·

439 430 811 521 prehenditur3
855 455 984 514 ergo
1008 448 1068 493 ut
1092 434 1267 492 semen
1292 432 1624 507 opprimatur
1659 428 1918 488 necessum
1939 430 2040 500 est,
2084 443 2248 506 atque
2288 431 2391 490 hac

440 554 649 611 ratione
673 547 946 624 suppositae
964 544 1159 619 plantae
1183 543 1454 617 generatio
1487 538 1828 611 impoffibilis.
1908 538 2037 594 Haec
2071 538 2230 612 igitur
2271 555 2391 595 non

430 661 569 719 rlevia
602 656 730 719 mihi
773 654 1018 714 videntur
1053 660 1365 725 argumenta
1385 691 1402 718 ‚
1444 645 1638 721 quibus
1668 644 1817 702 facile
1848 645 2061 703 cuilibet
2093 643 2392 719 persuaderi

440 766 624 844 poffit,
667 762 821 838 quod
846 760 1072 837 litophyta
1097 757 1155 815 ὃς
1194 760 1389 834 corallia
1427 752 1614 829 quoad
1648 770 1867 811 omnem
1900 753 2239 810 substantiam
2271 769 2391 813 non

441 875 636 952 plantae
659 872 745 929 sed
767 870 1008 928 animalia
1028 867 1139 925 fint.
1221 861 1398 942 Qod
1434 874 1612 919 autem
1647 879 1832 919 eorum
1861 860 2128 919 tentacula
2160 877 2278 919 non
2311 860 2390 919 di·

438 983 604 1040 stincti
632 985 820 1054 Polypi,
862 975 948 1034 sed
975 986 1148 1052 partes
1170 974 1324 1028 unius
1348 968 1602 1027 Animalis
1628 968 1753 1040 fint,
1779 971 1891 1044 jam
1915 969 2141 1027 breviter
2165 968 2387 1027 demon-

438 1089 654 1148 stratum
679 1105 766 1156 ec,
814 1085 977 1160 idque
1007 1080 1194 1158 triplici
1224 1078 1546 1155 quaestione,
1590 1094 1752 1152 quam
1787 1082 2057 1156 Polyporum
2094 1074 2391 1138 fautoribus

436 1213 731 1274 pr,opono
771 1192 1060 1251 absolvam.

697 1301 910 1380 Qodfi
895 1295 1232 1358 ltentacula
1220 1312 1276 1352 ln
1293 1295 1529 1372 litophytis
1574 1293 1632 1351 δῖ
1669 1297 1875 1352 coralliis
1911 1293 2158 1368 undique
2183 1294 2389 1370 conspi-

439 1432 540 1473 cua
567 1415 723 1490 Polypz‘
756 1412 1019 1469 duntaxat
1043 1405 1348 1480 vagabundi
1374 1404 1430 1460 δε
1471 1404 1691 1459 internae
1722 1399 2062 1477 praefatorum
2096 1417 2392 1478 corporum

438 1522 737 1580 substantiae
770 1515 1042 1577 adventitii
1072 1513 1182 1571 sint.
1281 1512 1394 1566 Cur
1430 1511 1614 1585 quaeso
1648 1510 1800 1584 super
1837 1508 2067 1566 cochleis
2079 1552 2097 1580 ,
2151 1509 2390 1579 conchis,

435 1630 564 1688 saxis
585 1627 800 1700 aliisque
822 1621 1135 1699 corporibus
1159 1618 1524 1692 heterogeneis
1547 1616 1748 1690 absque
1772 1616 2055 1678 substantia
2087 1631 2283 1671 cornea
2305 1613 2388 1673 vel

437 1736 572 1796 oss‘ea
595 1750 877 1808 nunquam
911 1725 1423 1802 deprehenduntur?
1471 1741 1563 1780 cur
1600 1725 1874 1781 minimam
1903 1721 2244 1780 substantiam
2281 1726 2386 1776 lito-

420 1847 680 1925 phytorum
722 1857 975 1899 corneam
1012 1836 1070 1894 δε
1110 1833 1303 1891 offeam
1350 1836 1645 1888 coralliorum
1682 1830 1820 1888 illico
1855 1829 2138 1888 investiunt
2166 1830 2197 1891 ἱ)
2263 1825 2386 1887 sane

438 1952 474 2012 fi
494 1964 682 2028 praeter
701 1948 950 2005 corticem
973 1945 1031 2001 &
1061 1942 1269 2000 cellulas
1304 1938 1418 1998 suas
1456 1938 1529 1993 nil
1564 1936 1849 2010 fabricent,
1891 1939 2032 1994 hanc
2059 1955 2215 2012 aeque
2249 1937 2389 1995 bene

437 2058 591 2133 supra
636 2054 865 2130 lapidem
923 2069 987 2108 ac
1036 2048 1186 2125 supra
1226 2046 1453 2123 litophyta
1507 2045 1587 2103 vel
1629 2049 1821 2101 corallia
1875 2058 2110 2102 extruere
2155 2043 2384 2118 poffunt.

437 2168 689 2240 Denique
710 2182 816 2239 qua
840 2162 1045 2218 ratione
1068 2141 1122 2213 hi
1147 2160 1303 2233 Polypi
1326 2155 1568 2212 certiores
1587 2152 1763 2212 fiunt?
1815 2152 1969 2228 quod
1997 2171 2049 2218 e.
2075 2171 2125 2226 g.
2164 2153 2220 2209 in
2255 2152 2382 2210 loco

439 2277 503 2333 A.
539 2277 643 2345 Ma,
688 2272 832 2328 &in
873 2270 997 2327 loco
1031 2266 1085 2321 B.
1127 2265 1370 2321 ceramum
1400 2238 1600 2318 rubram
1638 2261 2031 2334 progerminet‚
2075 2272 2134 2317 ut
2183 2260 2388 2336 absque

438 2401 591 2444 mora
622 2380 746 2438 huic
768 2379 824 2435 δι’
849 2376 918 2433 illi
943 2371 1143 2448 proprii
1167 2383 1379 2429 tantum
1401 2374 1560 2446 Polypi
1589 2367 1638 2425 se
1668 2385 1735 2426 eo
1759 2342 2060 2438 conferant,
2102 2368 2174 2425 ad
2211 2384 2382 2427 unum

440 2490 499 2550 δε
524 2491 744 2550 alterum
769 2477 1176 2543 incrustandum.

689 2591 860 2652 Nimis
882 2588 1076 2665 longus
1098 2582 1298 2658 forem,
1341 2584 1375 2643 fi
1397 2580 1549 2657 plura
1567 2578 1695 2654 alia,
1735 2598 1857 2658 quae
1889 2578 2091 2639 hancce
2125 2596 2296 2639 meam
2318 2579 2386 2640 de

440 2705 734 2765 coralliorum
757 2700 812 2758 δῖ
838 2697 1165 2774 litophyt'orum
1189 2704 1380 2752 natura
1421 2690 1742 2749 confirmant
1781 2690 2126 2765 opinionem,
2165 2688 2388 2746 recense«

441 2830 496 2872 re
520 2811 704 2870 vellem
728 2804 1105 2882 phaenomena*
1149 2799 1278 2858 Haec
1301 2813 1513 2870 tamen,
1554 2798 1727 2855 nullus
1756 2794 1979 2866 dubim,
2022 2793 2227 2853 fortiter
2256 2795 2387 2852 alio-

440 2936 561 2983 rum
583 2917 818 2982 animum
844 2906 1180 2983 excitabunt,
1225 2921 1385 2984 atque
1412 2902 1679 2986 impellent
1718 2906 1787 2967 ad
1820 2901 2196 2979 inquirendam
2233 2902 2388 2962 stabi-

2175 3005 2302 3068 lien-
