2513 3435
896 110 1013 170 Dss'
1053 112 1347 172 LERNAEA.
2027 142 2099 195 41

141 234 398 305 induant3
439 232 508 292 ad
533 233 677 292 hanc
710 230 908 308 lapides
945 234 1249 293 bezoardici
1290 235 1626 312 quandoque
1655 238 1950 311 acced'unt3
1992 245 2101 302 imo

144 334 329 401 calculi
350 341 597 417 tophacei
623 342 679 397 in
699 338 979 397 visceribus
1005 354 1153 400 terrae
1179 343 1456 419 produffi,
1499 344 1673 403 forma
1694 346 1915 423 perfeete
1938 348 2102 424 sphae-

144 454 250 510 rica
275 449 540 526 gaudent,
582 447 742 506 veluti
778 449 833 504 in
863 449 1051 505 nostris
1076 451 1310 524 pistlithz's
1348 452 1728 511 thermeniibus
1767 454 2099 515 manifestum

143 559 228 616 est.
307 555 601 614 Lamellola
631 557 1032 632 compaginatio
1061 575 1216 632 aeque
1250 559 1302 614 in
1340 559 1591 617 omnibus
1629 561 1878 634 calculis,
1915 581 2005 619 nac
2041 566 2098 620 in

139 667 429 742 margaritis
453 664 700 721 occurrit.
775 663 1037 739 Splendor
1065 663 1186 721 sane
1217 668 1270 721 in
1301 665 1474 742 lapide
1512 669 1839 727 bezoardico
1877 670 2095 728 eximius

140 775 241 845 est,
281 787 442 848 atque
461 774 517 828 in
543 768 997 847 praefatopfilitho
1024 771 1303 828 thermenfi
1327 773 1439 830 talis
1464 772 1771 834 observatur
1789 822 1805 849 ,
1845 790 1905 833 ut
1926 795 2093 835 manu

138 879 383 938 artificiali
420 881 513 937 illis
552 877 706 935 datus
743 876 838 936 effe
878 878 1134 937 videatur.
1217 879 1473 955 Denique
1507 882 1660 940 color
1693 886 2095 960 margaritarum

136 985 399 1047 variabilis
427 986 558 1044 nihil
580 982 843 1060 fingularis'
868 986 1057 1050 habet,
1099 986 1254 1062 quod
1279 1006 1396 1047 non
1420 989 1475 1045 in
1498 989 1704 1047 interna
1734 994 1980 1050 testarum
2016 992 2091 1050 fa-

136 1098 213 1154 cie
248 1094 642 1164 observaretur,
702 1092 964 1170 quodque
1002 1095 1057 1151 in
1091 1094 1351 1170 lapidibus
1383 1098 1654 1155 nonnullis
1687 1100 1912 1158 calcariis
1943 1114 2002 1158 ut
2032 1103 2089 1160 in

126 1208 265 1281 spato
288 1221 404 1260 non
429 1214 687 1259 occurrat.

388 1310 518 1367 Haec
542 1310 599 1367 &
624 1309 773 1384 plura
794 1308 891 1366 alia
930 1323 1241 1386 argumenta
1281 1311 1316 1368 fi
1351 1310 1468 1370 latis
1505 1313 1678 1372 valida
1713 1314 1808 1372 effe
1855 1332 1973 1373 non
2012 1318 2086 1376 vi-

136 1419 390 1490 deantur,
433 1419 501 1476 ad
522 1418 950 1475 confirmandam
978 1415 1219 1476 ultimam
1251 1419 1320 1477 de
1338 1422 1738 1494 margaritarum
1763 1421 2088 1485 formatione

133 1526 473 1598 sententiam,
528 1524 896 1583 validissimum
930 1524 985 1580 fit
1018 1525 1171 1598 illud,
1227 1527 1380 1600 quod
1419 1527 1474 1583 in
1508 1532 1684 1586 lernaeae
1725 1531 1828 1588 offe
1861 1551 2087 1609 quoque

129 1634 422 1709 margaritae
447 1633 831 1710 producantur.
905 1633 1026 1691 Hoc
1046 1633 1226 1711 spero,
1269 1637 1394 1711 quia
1416 1637 1469 1692 in
1495 1640 1813 1713 experientia
1832 1686 1847 1712 ,
1878 1644 2084 1717 optima

131 1761 303 1800 rerum
328 1742 570 1816 magistra
589 1739 875 1798 fundatum
898 1742 995 1804 est,
1039 1742 1328 1817 quemlibet
1353 1745 1423 1801 ab
1451 1743 1687 1801 ulteriori
1708 1751 1761 1804 in
1783 1752 2084 1824 margarita-

129 1868 249 1907 rum
281 1848 678 1923 generationem
700 1849 1036 1923 inquisitione
1057 1839 1334 1922 avocabit,
1374 1865 1534 1929 atque
1560 1854 1913 1929 persuadebit,
1949 1877 2086 1917 mar-

135 1944 326 2032 garitas
370 1973 522 2014 veros
555 1957 884 2015 concharum
919 1958 1148 2017 calculos
1182 1959 1295 2020 effe·
1375 1960 1462 2017 Ne
1508 1948 1635 2020 vero
1667 1968 1783 2039 quis
1823 1979 2081 2038 autumet,

127 2083 212 2121 me
237 2064 340 2124 hac
361 2065 570 2121 ratione
591 2064 709 2121 orbi
729 2063 977 2123 litterario
1002 2069 1278 2141 imponere
1299 2068 1454 2140 velle,
1482 2070 1612 2128 dum
1635 2073 1905 2131 veritatem
1931 2078 2084 2135 unius

129 2172 477 2246 phaenomeni
527 2171 840 2229 confirmare
883 2174 1112 2245 stude03
1172 2175 1638 2249 impraesentiarum
1687 2182 1863 2253 palam
1914 2182 2084 2244 facio:

127 2279 283 2355 quod
304 2299 364 2338 os
382 2284 556 2336 lernaeae
579 2278 976 2353 conchiforme,
1015 2282 1073 2338 in
1106 2301 1219 2357 quo
1251 2287 1545 2360 margaritae
1583 2286 1669 2344 hic
1705 2287 1978 2348 delineatae
2010 2294 2084 2348 ni-'

126 2387 412 2459 dulantur,
453 2389 508 2444 in
541 2386 738 2443 museo
773 2407 900 2446 meo
944 2391 1310 2465 conservetur3
1350 2398 1659 2471 quicunque
1700 2399 1866 2473 'igitur
1912 2400 2082 2457 verbis

126 2497 255 2553 meis
279 2494 439 2554 fidem
467 2495 721 2553 adhibere
749 2497 926 2570 nolet,
971 2500 1038 2571 is,
1081 2500 1115 2555 si
1138 2501 1345 2576 placet,
1394 2503 1641 2561 Museum
1680 2525 1858 2564 meum
1901 2507 2074 2579 adeat,

126 2616 185 2660 ut
206 2604 421 2679 propria
453 2604 727 2681 authopsia
761 2608 1126 2666 convincatur.
1209 2611 1308 2669 Vel
1345 2613 1557 2684 credat,
1599 2614 1753 2689 quod
1795 2617 1916 2673 orbi
1947 2616 2082 2674 litte-

125 2713 206 2768 rio
236 2709 356 2769 falla
398 2712 684 2771 obtrudere
718 2714 1055 2773 vehementer
1089 2736 1264 2777 verear
1288 2765 1306 2791 ,
1364 2739 1485 2778 cum
1531 2723 1666 2779 tanti
1699 2725 1808 2780 Viri
1839 2723 2077 2799 auspiciis

125 2837 267 2894 opus
293 2819 462 2876 hocce
492 2824 880 2897 qualecumque
920 2845 1097 2883 meum
1139 2829 1413 2903 publicum
1451 2829 1616 2893 facere
1660 2832 1954 2905 statuerim,
1992 2835 2078 2891 cui

126 2945 247 2987 non
274 2929 363 2986 nifi
385 2946 504 2985 vera
526 2928 711 2986 referre
739 2930 813 2988 fas
840 2934 924 2990 est.

1052 3045 1094 3101 F
1292 3047 1306 3060 ⁶
1805 3053 2005 3131 Qud-
