2513 3435
879 49 974 107 Dr„
1022 44 1318 107 LERNAEA.
2027 65 2066 126 7

365 174 650 232 Externam
675 170 1040 230 membranzim
1062 171 1402 230 substantiam
1438 173 1678 250 corporis
1709 177 1883 230 lernaeae
1912 175 2062 233 obte-

112 292 324 359 gentem
346 281 563 340 solidam
586 279 679 337 esse
701 279 806 338 dixi
830 293 1143 356 propterea,
1185 280 1338 358 quod
1361 281 1516 337 etiam
1538 281 1677 338 lente
1714 284 1769 339 in
1814 282 2064 339 auxilium

111 405 302 449 vocata
326 391 497 449 nullos
517 405 683 463 poros
707 388 760 442 in
784 405 842 444 ea
871 388 1115 465 detegere
1155 389 1422 448 valuerim.
1504 390 1675 449 Variis
1706 403 1941 448 attamen
1980 389 2060 447 fo-

109 500 375 558 raminulis
413 500 551 557 hanc
596 493 914 573 perforatam
956 495 1052 554 esse
1086 517 1148 555 ex
1185 517 1251 555 eo
1295 497 1650 572 conjeciurare
1691 499 1843 554 licet:
1907 495 2060 572 quod

106 607 331 664 animale
357 619 501 663 extra
526 605 783 662 marinam
810 604 982 679 pofito
1006 607 1163 662 etiarn
1192 620 1310 663 cute
1330 624 1446 663 non
1467 606 1621 664 incisa
1648 607 1824 681 liquor
1850 604 1929 661 ille
1948 604 2060 661 lim-

105 714 258 789 pidus
283 714 400 790 post
426 713 630 789 aliquot
652 724 934 768 momenta·
959 713 1015 768 in
1054 731 1248 788 magna
1284 717 1442 788 copia
1483 716 1538 770 in
1576 713 1722 785 vase,
1765 714 1850 770 cui
1885 717 2057 767 lernaea

106 821 344 897 imposita
375 822 476 894 est,
522 820 828 895 colligatur,
871 832 1032 894 atque
1054 820 1163 877 hoc
1198 822 1388 895 ejectO,
1431 820 1634 877 rursum
1670 822 1769 877 alia
1807 820 2055 877 notabilis

104 931 370 1004 quantitas
405 927 640 1003 ejusdem
678 927 897 1003 liquoris
932 931 990 985 in
1033 928 1148 985 vase
1185 927 1496 986 cumuletur.
1581 928 1777 1003 Neque
1813 946 2058 1003 unquam

104 1036 380 1095 observare
399 1037 527 1094 mihi
552 1037 809 1110 contigit,
853 1035 1006 1110 quod
1034 1036 1198 1094 dicius
1224 1037 1402 1112 liquor
1431 1056 1493 1095 ex
1514 1055 1608 1094 ore
1637 1037 1802 1095 velex
1828 1054 1936 1095 ano
1964 1042 2053 1105 ler-

99 1165 206 1199 naeae
238 1145 572 1221 proruperit,
612 1157 673 1201 ut
700 1143 916 1220 quidem
939 1143 1157 1218 suspicio
1178 1144 1364 1202 haberi
1392 1144 1570 1221 posset.

353 1251 493 1311 Illud
515 1249 766 1329 praetereu
792 1252 925 1310 circa
946 1252 1174 1310 eundem
1202 1252 1464 1327 liquorem
1492 1254 1729 1311 notabile
1755 1255 1850 1312 est:
1881 1255 2053 1330 quod,

102 1358 234 1416 dum
258 1360 452 1417 animal
478 1359 568 1415 sibi
594 1348 935 1435 relinquitur,
978 1359 1227 1435 limpidus
1255 1360 1311 1416 ὃς
1333 1379 1488 1436 aque-e
1515 1362 1740 1420 adinstar
1767 1364 2050 1435 fluidusflfit.

100 1465 249 1522 Dum
271 1484 398 1524 vero
421 1467 618 1524 animal
641 1466 1025 1536 contrectatur,
1063 1468 1200 1525 muci
1225 1469 1365 1525 craffi
1389 1470 1774 1528 consistentiam
1799 1475 2052 1548 acquirat³

97 1574 152 1631 in
174 1573 258 1632 fila
282 1574 439 1633 crassTa
462 1572 662 1632 ductilis
683 1572 760 1640 fit,
811 1587 972 1649 atque
1001 1573 1279 1648 difficillime
1306 1595 1334 1633 a
1367 1576 1540 1651 digitis
1573 1578 1914 1653 abstergatur.

284 1740 291 1747 ,
366 1683 530 1741 Odor
556 1700 716 1756 quern
739 1683 888 1739 hicce
913 1700 1096 1739 mucus
1133 1683 1199 1739 de
1231 1684 1279 1739 se
1322 1684 1543 1758 spargit,
1598 1686 1728 1742 dum
1766 1691 1937 1742 lernaea
1962 1707 2047 1746 ex-

93 1799 173 1845 tra
211 1808 355 1847 mare
388 1803 655 1861 moratur,
695 1789 960 1847 subdulcis
997 1791 1097 1862 est,
1135 1790 1573 1861 nauseabundus3
1616 1793 1881 1869 {iugulatis
1914 1809 2046 1854 atta=

91 1914 244 1968 men,
287 1910 448 1973 atque
469 1898 537 1955 ab
561 1899 808 1954 omnium
842 1898 1170 1957 marinorum
1202 1900 1508 1959 animalium
1544 1899 1796 1967 diversus,
1837 1902 1896 1961 δε
1933 1923 2045 1965 ver-

91 2004 171 2063 bis
194 2023 313 2064 non
332 2004 720 2082 exprimendus.

945 2159 1011 2248 ⁸5·
1062 2159 1190 2229 IV,

92 2319 325 2474 Dum
348 2332 527 2379 venter
561 2321 712 2396 juxta
752 2323 1143 2398 longitudinem
1187 2323 1454 2386 dissecatur
1487 2327 1541 2383 in
1573 2326 1914 2405 conspectum
1956 2337 2204 2389 ve-TAB.
2230 2338 2308 2393 ΠΙ.

271 2429 428 2485 niunt
467 2430 738 2505 sequentia
772 2430 988 2489 viscera:
1029 2432 1263 2507 superius
1301 2435 1583 2509 Pharynx,
1624 2458 1669 2492 a.
1702 2438 1827 2495 huic
1863 2441 2042 2512 proxi-
2060 2409 2209 2476 Figura
2232 2423 2271 2456 ¹⁸

91 2554 178 2593 me
219 2537 459 2612 adjacens
497 2538 813 2597 ventriculus
849 2542 1077 2614 primus³
1120 2542 1163 2598 b.
1203 2540 1397 2598 deinde
1434 2544 1751 2601 ventriculus
1796 2547 1954 2616 alter,
1996 2569 2037 2603 c„

88 2643 176 2700 cui
209 2645 525 2701 continuum
564 2646 634 2702 est
665 2646 1005 2704 intestinuum
1049 2647 1366 2706 duodenum
1398 2652 1447 2706 d.
1479 2650 1533 2707 in
1565 2651 1763 2727 reliqua
1798 2654 2038 2712 intestina

90 2749 331 2807 tortuosa
350 2763 513 2826 atque
542 2751 760 2809 demum
788 2756 842 2811 in
863 2773 1025 2811 anum
1066 2757 1314 2813 desinens,
1387 2759 1756 2816 intestinorum
1788 2761 1842 2816 in
1866 2764 2037 2820 varios

90 2874 256 2932 gyros
280 2859 700 2919 convolutorum
727 2862 899 2922 modo
924 2865 1111 2922 unicus
1137 2864 1330 2924 trat'ius
1375 2878 1435 2923 ut
1467 2866 1524 2924 in
1556 2867 1597 2923 F
1600 2867 1665 2940 ig.
1708 2885 1750 2925 1.
1784 2891 1821 2925 e.
1859 2870 2031 2927 modo

1868 2988 1969 3036 tres
