2513 3435
173 717 337 782 Figura.
353 724 399 774 7.

449 168 520 232 96
597 148 599 150 ’
1249 150 1478 209 CAPUT
1519 151 1587 209 V.

448 283 535 354 ni,
572 279 648 338 ob
667 278 918 354 temporis
937 274 1260 350 angustiam,
1298 282 1415 330 tum
1433 280 1561 331 vero
1584 269 1858 348 quiaillud
1889 269 2060 329 cultro
2084 277 2391 333 anatomico

451 390 733 448 dilacerare
777 382 1044 443 doiebam.
1146 379 1290 439 Nam
1337 381 1554 438 unicum
1593 376 1790 444 solum„
1826 389 1976 444 tot0,
2017 396 2132 454 quo
2165 380 2396 459 Neapoli

449 495 730 566 morabar,
773 505 1017 565 tempore
1050 489 1182 547 mihi
1217 486 1454 545 adlatum
1496 487 1595 558 est,
1637 487 1790 562 quod
1815 488 1870 545 in
1896 486 2070 564 spiritu
2113 488 2223 545 vini
2261 507 2394 547 con-

450 601 648 661 servare
683 599 1017 658 adamabam.
1095 599 1381 672 Qantum
1409 610 1536 652 vero
1574 613 1637 651 ex
1669 594 2086 652 contrectatione
2117 596 2224 669 ejus
2257 597 2399 654 colli.

453 730 574 787 gere
596 722 874 784 poteram,
914 703 1100 763 vistera
1123 722 1153 759 a
1176 701 1280 760 bafi
1304 701 1565 759 duntaxat
1595 702 1664 759 ad
1702 714 2035 779 apperturam
2067 725 2116 765 cz.
2145 683 2314 779 usque
2336 704 2395 761 &

450 817 612 893 paulo
638 815 772 873 ultra
796 815 936 872 hanc
959 811 1330 870 extenduntur.
1409 809 1695 886 Reliquum
1720 811 1860 867 enirn
1892 828 2085 886 corpus
2129 829 2236 869 una
2269 830 2393 871 cum

450 924 594 998 apice
616 922 874 998 sphaerico
894 921 1206 997 impervium
1232 918 1288 975 &
1312 916 1536 976 solidum
1561 919 1690 975 mihi
1713 918 2010 977 videbatur.

700 1031 778 1086 Ex
803 1029 922 1085 rudi
943 1004 1288 1086 nihilominus
1307 1026 1530 1102 Zoophyti
1551 1025 1715 1082 nostri
1740 1024 1926 1098 quoad
1961 1036 2230 1081 externam
2265 1024 2394 1082 stru·

447 1141 649 1197 &uram
672 1134 1021 1212 descriptione
1055 1147 1215 1210 atque
1254 1131 1609 1190 delineatione
1648 1131 1869 1206 quilibet
1902 1130 2051 1206 spero
2093 1131 2390 1207 perspiciet:

447 1251 558 1308 hoc
586 1264 703 1304 non
725 1245 793 1302 ad
815 1246 1038 1317 hydram
1057 1290 1074 1317 ‚
1118 1261 1242 1300 cum
1271 1260 1379 1317 qua
1403 1255 1584 1299 tamen
1623 1241 1919 1314 quamdam
1951 1237 2262 1296 affinitatem
2294 1240 2391 1297 ha·
2473 1303 2476 1308 ,

443 1357 568 1414 bere
594 1352 829 1422 videtur,
869 1353 1043 1408 minus
1071 1368 1196 1410 vero
1219 1348 1287 1406 ad
1314 1347 1458 1406 aliud
1483 1348 1820 1423 Zoophytorum
1845 1362 2012 1420 genus
2033 1343 2208 1407 referri
2226 1345 2386 1420 poffe.

445 1463 531 1522 Ad
559 1464 784 1535 I-,rjzdmm
809 1477 955 1530 non,
995 1475 1116 1515 cum
1140 1454 1258 1513 haec
1282 1457 1337 1512 in
1374 1457 1762 1525 circumferentia
1799 1449 1973 1530 rapitis
2010 1461 2270 1510 tentaculis
2302 1476 2389 1511 ra*

446 1575 596 1644 mofis,
638 1572 695 1626 in
722 1579 902 1626 ventre
930 1566 1188 1620 tec-maculis
1214 1567 1486 1636 cylindricz's
1509 1562 1566 1619 &
1587 1562 1642 1618 in
1677 1559 1838 1618 dorso
1855 1564 2053 1637 papillis
2068 1565 2388 1636 pyramidali-

445 1679 532 1734 bus
554 1677 772 1753 praedita
791 1672 878 1743 fit,
918 1672 1112 1747 quibus
1136 1669 1388 1728 omnibus
1410 1677 1587 1743 §yrinx
1618 1668 1927 1726 destituitur.
2005 1668 2258 1727 Praeterea
2279 1676 2386 1745 ffl-

445 1789 538 1841 dra
564 1802 725 1840 anum
756 1783 810 1837 in
832 1779 1156 1837 extremitate
1177 1778 1258 1833 ori
1283 1776 1526 1852 opposita
1546 1775 1698 1833 fitum
1735 1774 1928 1847 habet,
1972 1795 2000 1833 e
2036 1793 2150 1851 quo
2185 1795 2382 1854 aquam

441 1891 679 1949 fontanae
707 1888 931 1946 adinstar
954 1883 1209 1957 effundit3
1261 1891 1441 1957 Syrinx
1463 1901 1625 1941 anum
1649 1900 1765 1940 non
1785 1883 1978 1956 procul
2012 1883 2082 1940 ab
2101 1896 2194 1940 ore
2219 1899 2384 1957 tenet,

439 1999 497 2057 ὃ(
523 2016 718 2072 aquam
742 2014 859 2053 non
883 1995 1030 2069 ejicit„
1655 2002 1659 2003 ⁷

694 2104 781 2160 Ad
807 2102 951 2160 aliud
973 2113 1149 2157 autem
1176 2099 1513 2175 Zoqohytorurn
1538 2097 1617 2156 vel
1641 2097 1866 2154 aliorum
1888 2097 2192 2154 animalium
2215 2116 2381 2173 genus

442 2219 685 2289 &ringem
719 2227 834 2266 non
865 2210 1147 2283 pertinere,
1200 2219 1414 2264 externa
1448 2208 1686 2280 corporis
1724 2205 1831 2278 ejus
1873 2203 2228 2279 configuratio
2262 2203 2380 2267 ntis

440 2317 765 2392 abundeque
807 2317 999 2374 docet:
1043 2317 1114 2371 ita
1149 2313 1391 2389 quidem,
1433 2325 1492 2368 ut
1532 2295 1868 2367 ulterioribus
1898 2311 2066 2367 verbis
2096 2311 2155 2368 id
2190 2311 2381 2369 confir-

441 2444 583 2483 mare
602 2424 918 2498 superfluum
939 2422 1090 2479 foret.
1163 2418 1376 2499 Qodfi
1395 2421 1575 2492 itaque
1600 2423 1779 2488 Syrinx
1799 2433 1897 2472 nec
1927 2417 1997 2473 ad
2023 2421 2248 2488 &elram
2279 2435 2387 2476 nec

441 2533 510 2590 ad
535 2531 676 2589 aliud
703 2530 1002 2588 animalium
1023 2544 1187 2602 genus
1208 2525 1388 2584 reduci
1411 2524 1596 2596 queat!
1636 2541 1798 2610 nemo
1814 2542 1897 2580 me
1917 2523 1984 2580 de
2003 2541 2176 2581 errore
2199 2539 2382 2599 arguet

439 2641 620 2715 spem,
664 2638 816 2712 quod
836 2656 1039 2695 novum
1065 2650 1231 2709 genus
1257 2651 1319 2687 ex
1348 2650 1414 2688 eo
1444 2632 1739 2689 creaverim.
1812 2629 1946 2685 iilud
1994 2628 2170 2687 forssm
2205 2635 2381 2690 omni-

437 2748 539 2804 bus
557 2763 673 2802 non
716 2744 990 2813 arridebit,
1032 2740 1185 2816 quod
1227 2739 1281 2796 id
1316 2744 1491 2811 Syrmx
1524 2740 1828 2808 nominem,
1866 2735 1989 2793 ideo
2023 2737 2102 2795 vel
2139 2742 2382 2803 maxime,

442 2872 612 2930 quum
635 2872 829 2927 aquam
855 2868 971 2907 non
997 2849 1177 2923 ejiciat,
1218 2865 1323 2922 qua
1345 2859 1526 2902 tamen
1549 2848 1869 2922 proprietate
1890 2845 2123 2919 gaudere
2149 2844 2383 2919 deberet,

443 2974 501 3018 ut
523 2977 726 3017 nomen
752 2966 957 3035 Syringis
978 2969 1251 3014 mereatur.
1334 2954 1527 3011 Fateor
1551 2956 1777 3024 &dmm
1798 2971 1839 3010 e.
1867 2970 1917 3026 g.
1944 2952 2124 3008 melius
2154 2952 2262 3008 hoc
2284 2970 2380 3010 no-

2196 3076 2291 3114 mi-
