2513 3435
944 74 1040 132 ΒΕ
1089 73 1327 130 ΡΕΝΝΑ.
1998 99 2101 153 105

144 210 298 266 cens,
338 193 604 268 pellucida
628 194 820 269 cingit,
858 205 1020 268 atque
1042 196 1098 254 in
1127 209 1360 270 utroque
1396 205 1633 252 extremo
1665 196 1720 253 in
1758 196 2101 272 ligamentum

143 315 532 380 contorquetur
548 345 565 373 ‚
609 299 762 376 qdod
783 320 845 358 ex
865 319 972 359 una
995 313 1142 375 parte
1165 303 1222 360 in
1247 304 1393 381 apice
1417 304 1586 361 trunci
1611 305 1815 379 pinnati
1834 349 1850 375 ‚
1890 324 1952 364 ex
1979 309 2099 366 alte.

140 429 201 475 ra
221 429 348 469 vero
371 411 426 467 in
460 409 604 484 apice
639 408 812 466 trunci
847 408 981 466 nudi
1009 408 1264 467 inseritur.
1349 409 1475 486 Ope
1508 408 1780 483 ligamenti
1820 412 2094 489 superioris

139 530 431 576 extremum
459 514 655 574 officuli
675 519 732 574 in
757 535 937 575 arcum
960 518 1003 574 b.
1029 517 1495 594 valde·angustum
1531 520 1893 586 contrahitur,
1935 525 2091 598 quod

138 637 321 681 tamen
345 625 400 681 in
423 625 546 682 vivo
570 623 780 683 animali
804 625 884 684 vel
905 626 961 682 in
987 644 1167 683 arcum
1185 627 1440 699 majorem
1462 627 1543 685 vel
1567 629 1798 692 omnino
1818 629 1873 687 in
1897 629 2091 690 lineam

136 733 328 811 rectam
352 728 562 789 extendi
582 748 645 787 ex
669 744 824 789 motu
848 735 1053 806 trunci,
1097 751 1261 807 quem
1298 734 1467 809 paulo
1503 732 1637 795 infra
1671 733 1921 811 referam,
1961 755 2093 797 eon·

126 840 381 916 jeeturare
406 838 538 896 licet.
892 914 894 916 v
1059 825 1065 827 ⁴

389 947 573 1005 Pinnae
597 964 824 1023 quoque
843 965 905 1005 ex
931 946 1126 1024 duplici
1153 947 1465 1007 membrana
1493 949 1786 1024 compactae
1809 950 1960 1025 sunt,
2004 970 2086 1012 ex-

133 1069 284 1115 terna
306 1055 430 1112 forti
464 1054 523 1112 &
558 1055 826 1126 coriacea,
867 1055 1073 1135 interna
1104 1058 1375 1128 tenuiore,
1419 1057 1698 1130 pellucida.
1769 1058 1970 1116 Eadem
2008 1077 2084 1117 ra·

133 1167 282 1224 tione
308 1166 465 1222 etiam
489 1164 670 1241 portio
706 1162 1099 1220 tentaculorum
1134 1164 1424 1238 cylindrica
1459 1165 1509 1222 le
1540 1166 1732 1238 habet,
1772 1166 1875 1225 hac
1907 1165 2083 1227 solum

131 1272 488 1332 intercedente
512 1269 832 1341 differentia3
875 1271 1028 1347 quod
1050 1271 1106 1329 in
1130 1273 1237 1344 his,
1278 1285 1338 1329 ut
1368 1272 1533 1348 paulo
1558 1286 1683 1333 ante
1718 1274 1962 1344 memini,
2000 1293 2087 1332 exo

131 1394 280 1439 terna
304 1378 613 1439 membrana
633 1377 846 1436 mollior
869 1378 942 1435 fit.
1025 1378 1093 1436 Et
1115 1382 1296 1456 pinnae
1322 1382 1380 1438 ὃς
1403 1381 1671 1440 tentacula
1704 1384 1927 1443 cavitate
1951 1401 2081 1457 gau-

131 1488 293 1559 dent,
334 1490 405 1545 ita
441 1500 499 1543 ut
520 1487 713 1546 cavitas
735 1485 1125 1546 tentaculorurn
1148 1490 1202 1547 in
1228 1490 1450 1564 pinnaS,
1491 1489 1549 1548 &
1567 1489 1761 1557 harum
1786 1491 1984 1551 cavitas
2020 1493 2080 1551 in

129 1609 376 1654 truncum
396 1607 591 1669 pateat.

383 1705 565 1777 Atque
587 1700 705 1759 haec
725 1700 873 1773 sunt,
915 1717 1037 1778 quae
1062 1702 1129 1762 de
1157 1704 1411 1765 strudura
1449 1708 1611 1764 nostri
1650 1708 1940 1783 Zoophyti
1978 1707 2081 1787 cul-

128 1825 214 1870 tro
237 1808 545 1870 anatomico
564 1809 809 1885 detegere
823 1822 1101 1889 poteram;
1142 1812 1311 1887 qualis
1335 1813 1390 1870 in
1410 1831 1478 1871 eo
1511 1828 1691 1873 motus
1724 1815 1810 1888 fit,
1850 1815 1907 1873 &
1941 1832 2079 1890 quo-

127 1918 300 1978 modo
322 1917 468 1975 hunc
496 1915 880 1975 observaverim
904 1919 1017 1993 jam
1052 1900 1241 1978 dicam.
1318 1929 1537 1980 Pennana
1574 1925 1751 1983 vivam
1785 1924 1840 1980 in
1884 1941 1972 1981 vas
2009 1925 2078 1982 vi·

126 2040 298 2097 treum
320 2025 522 2083 marina
546 2025 806 2099 repletum
841 2026 1027 2100 posui,
1066 2040 1230 2105 atque
1262 2032 1384 2106 post
1421 2032 1642 2109 aliquod
1676 2035 1930 2107 temporis
1962 2031 2077 2105 spa-

126 2137 264 2193 tium
277 2133 653 2207 jucundissimo
676 2134 973 2206 spectaculo
1001 2138 1205 2195 varium
1229 2139 1287 2198 in
1314 2138 1516 2200 divetfis
1542 2145 1648 2218 ejus
1679 2141 1921 2214 partibus
1957 2159 2077 2201 mo-

124 2253 239 2298 tum
268 2241 486 2304 miratus
511 2241 640 2297 sum.
1831 2318 1835 2321 Α

381 2348 630 2406 Truncus
654 2350 710 2407 in
731 2362 968 2409 extremo
992 2353 1154 2427 partis
1178 2354 1340 2412 nudae
1377 2356 1692 2414 circulariter
1720 2356 2072 2417 contraheba-

121 2469 240 2529 tur,
279 2470 440 2533 atque
461 2457 562 2515 hac
588 2459 962 2517 constrictione
987 2459 1207 2535 Zonam
1227 2465 1425 2523 intense
1448 2483 1769 2542 purpuream
1794 2464 2074 2539 efficiebat,

124 2584 249 2641 quae
274 2565 540 2624 succeffive
564 2567 632 2624 ad
661 2566 882 2624 alterum
904 2569 1078 2626 trunci
1109 2571 1240 2628 nudi
1279 2585 1573 2630 extremum
1606 2575 1694 2632 seu
1729 2575 1801 2632 ad
1837 2576 1944 2648 ejus
1975 2574 2071 2632 ba-

123 2674 214 2731 fim
243 2673 593 2747 ascendebat3
629 2675 698 2732 ibi
726 2693 853 2733 vero
872 2675 1119 2749 pallidior
1142 2677 1273 2736 facta
1300 2693 1478 2737 totum
1501 2701 1723 2757 quoque
1747 2683 1920 2740 trunci
1953 2683 2068 2758 pin-

123 2785 234 2842 nati
252 2784 475 2841 tractum
498 2785 871 2859 percurrebat,
909 2800 1073 2862 atque
1098 2787 1314 2848 demum
1342 2791 1398 2846 in
1427 2792 1533 2864 ejus
1558 2790 1718 2866 ‘apice
1751 2791 2071 2850 terminaba-

126 2904 228 2952 tur.
308 2891 490 2953 Hocce
513 2895 598 2953 vix
619 2882 829 2970 peracto
859 2908 1016 2956 motu
1045 2896 1191 2956 illico
1227 2897 1392 2959 similis
1426 2899 1590 2959 Zona
1621 2904 1679 2959 in
1715 2904 1865 2976 apice
1898 2899 2074 2958 trunci

1070 3006 1129 3061 O
1899 3026 2000 3068 nu-
