2513 3435
381 127 492 167 100
1137 99 1372 154 CAPUT
1436 96 1536 154 VI.

376 233 478 291 hac
498 227 707 286 ratione
736 238 940 282 nomen
966 221 1072 297 ejus
1097 218 1398 277 immortale
1421 219 1702 293 reddatur,
1743 233 1935 299 utpote
1968 225 2200 299 primus,
2236 232 2331 304 qui

379 346 598 397 Pennana
621 334 869 411 Zoophytis
894 316 1296 398 adnumeravit3
1340 344 1501 404 quem
1526 328 1719 415 deinde
1738 332 2160 407 ALDROVANDUS,
2201 335 2335 408 Jon-

381 464 571 506 STONUS
597 443 654 502 δε
681 441 854 517 plures
878 440 959 497 alii
985 439 1191 516 sequuti
1215 435 1353 495 sunt.

641 552 911 607 CAsPARus
957 548 1015 605 &
1051 548 1284 620 JoANNts
1317 547 1584 602 Emmaus
1622 563 1721 604 nec
1753 564 1872 605 non
1903 546 2344 610 TOURNEFORTHJS

347 690 362 704 ·
386 665 526 723 hane
552 657 827 735 vegetabili
853 658 1048 733 Regno
1070 653 1399 729 adscriplere.
1471 652 1617 711 Nam
1654 655 1799 731 apud
1836 657 2344 732 posterioremfhcus

374 791 590 850 pennam
625 769 864 837 rfi’rem,
903 767 977 820 (⁸)
1032 764 1178 838 apud
1225 765 1288 820 C.
1321 765 1612 819 BAUfflNUM
1644 768 1846 837 Mastus
1864 781 2033 839 pennae
2051 767 2224 832 similis
2259 767 2345 824 (¹³³)

390 860 627 953 denique
666 874 815 949 apud
850 874 1100 945 JOANNEM
1146 874 1434 929 BAUHmUM
1466 890 1635 948 penna
1668 880 1860 927 marina
1894 871 1971 927 (W)
2037 873 2344 948 appellatur.
2403 941 2407 946 .

392 988 482 1045 De
513 987 577 1042 C.
610 986 853 1041 BAufflNo
889 980 1108 1056 quidem
1143 978 1370 1037 dubium
1404 980 1504 1051 est,
1547 979 1701 1055 quod
1729 978 1955 1054 praefato
1989 981 2212 1047 nomine
2247 998 2350 1038 no-

394 1094 555 1154 strum
575 1091 837 1166 Zoophyton
860 1086 1094 1145 indicare
1119 1088 1374 1159 voluerit,
1415 1088 1629 1145 minime
1655 1089 1796 1146 enim
1823 1092 1973 1160 mesti
1997 1085 2227 1143 formam
2253 1088 2350 1146 ha-

394 1203 501 1260 bet.
582 1198 747 1257 Unde
774 1216 834 1254 ea
855 1196 1038 1255 incidit
1060 1197 1115 1253 in
1152 1209 1387 1253 mentem
1422 1196 1708 1271 cogitatiO,
1754 1195 1908 1271 quod
1945 1193 2122 1251 forsan
2158 1201 2349 1252 Coralli-

396 1330 512 1367 nam
518 1323 791 1385 pennatam
823 1303 1182 1377 &fhlcatam‚
1203 1325 1395 1382 pennas
1419 1308 1586 1361 caudae
1606 1293 1609 1296 Α
1628 1304 1855 1373 Phtffuzm‘
1890 1308 2171 1382 refbreatem
2212 1310 2352 1362 caule

398 1532 480 1582 ria
515 1536 767 1596 vocatur,
818 1524 928 1580 hoc
967 1522 1188 1579 nomine
1226 1520 1522 1578 denotaret.
1614 1520 1756 1575 Cum
1787 1519 1864 1576 ob
1898 1518 2038 1575 hanc
2071 1523 2355 1594 rationem,

402 1632 558 1709 quod
581 1631 802 1708 quidam
831 1631 944 1689 Viti
978 1630 1164 1687 nostro
1194 1628 1385 1685 saeculo
1421 1608 1694 1684 Clariffitni
1730 1626 1899 1683 hocce
1929 1627 2192 1703 Zoophyton
2222 1631 2356 1688 inter

400 1739 611 1813 plantas
637 1739 993 1809 collocarent,
1032 1750 1147 1794 tum
1168 1748 1486 1810 propterea,
1517 1735 1671 1810 quod
1695 1735 1763 1791 ab
1791 1736 1897 1792 aliis
1918 1751 2105 1791 manca
2135 1738 2240 1811 ejus
2263 1737 2357 1794 de-

404 1847 615 1923 striptio
640 1847 697 1904 &
718 1846 863 1903 rudis
893 1846 1177 1904 delineatio
1213 1845 1338 1902 data
1372 1843 1459 1914 fit,
1499 1859 1679 1917 opetae
1716 1844 1888 1918 pretio
1929 1841 2084 1914 duxi,
2125 1842 2363 1918 qualem-

406 1972 623 2031 cunque
646 1961 818 2013 Pennae
842 1953 1115 2011 historiam
1137 1971 1245 2009 una
1269 1971 1392 2009 cum
1414 1951 1640 2010 naturali
1668 1950 1841 2025 effigie
1863 1950 2030 2024 praelo
2057 1949 2322 2026 subjicere.

1293 2103 1358 2193 ς.
1411 2103 1495 2171 11.

411 2272 697 2430 Quum
719 2271 891 2348 plures
920 2277 1091 2327 Pennae
1114 2267 1301 2344 species
1337 2267 1667 2326 curiosorum
1698 2268 1862 2325 oeulis
1895 2282 2208 2343 praeponere
2245 2267 2362 2346 poss

605 2380 725 2454 sun,
783 2378 1042 2438 necessum
1074 2377 1173 2450 est,
1226 2378 1284 2435 &
1316 2376 1534 2454 quidem
1567 2390 1758 2434 contra
1788 2388 2059 2448 receptum
2095 2376 2360 2449 ordinem,

410 2489 764 2548 charaeterem
791 2491 897 2563 ejus
921 2486 1220 2561 gemeticum
1243 2484 1325 2543 vel
1347 2485 1644 2560 generalem
1675 2484 2037 2541 definitionem
2073 2484 2358 2556 praemitte-

409 2615 481 2657 re.
563 2596 776 2678 Qodfi
798 2596 940 2654 enim
983 2593 1282 2654 absolutam
1313 2600 1485 2651 Pennae
1523 2594 1794 2651 historiam
1828 2591 2130 2649 immediate
2165 2592 2366 2666 darem,

2207 2700 2284 2759 fa-

558 2829 601 2881 (‘
613 2831 630 2878 )
664 2828 782 2870 Instit.
806 2843 836 2868 r.
860 2828 896 2868 h.
915 2843 953 2883 p.
975 2829 1070 2881 569.

557 2886 595 2935 ζ
598 2886 643 2939 )
676 2889 758 2926 Pin.
789 2887 883 2936 363.

558 2942 616 2994 (''
622 2942 664 2993 )
698 2941 793 2981 H'st.
821 2955 845 2982 t.
866 2958 902 2996 p.
926 2945 1022 2987 802·

561 2998 640 3050 (⁹¹⁸
642 2997 691 3070 L)
726 2998 820 3038 Essa
790 3014 822 3038 1
847 2999 907 3039 sut
926 2998 990 3037 lhi
994 2998 1034 3036 st.
1056 3008 1131 3038 nat.
1157 2997 1222 3037 des
1239 2995 1463 3038 Corallines.

563 3053 637 3107 (Μ
644 3054 706 3107 “)
737 3054 930 3095 Museodi
958 3053 1056 3094 fifiea
1087 3069 1107 3094 e
1131 3053 1406 3107 diesmicnze
1434 3051 1508 3093 ἃς.
1536 3066 1573 3105 p
1609 3058 1704 3104 257.
1726 3049 1820 3091 Tab.
1849 3049 1915 3087 VL
1937 3061 1977 3088 n.
2009 3047 2048 3086 6.
