2513 3435
901 102 996 160 Da
1044 101 1344 161 LERNJEA.
2021 127 2092 185 33

140 224 316 282 semen
350 221 629 280 necessario
665 223 991 299 requiratur,
1032 225 1086 280 in
1121 228 1293 280 lernam
1323 242 1451 284 vero
1485 224 1692 283 nullum
1735 246 1763 284 e
1791 244 1960 302 pene,
2004 235 2095 308 qui

142 346 322 389 tamen
343 332 543 389 {eminis
568 334 650 390 via
673 331 940 388 ordinaria
971 330 1068 400 est,
1109 332 1407 403 ejaculetur.
1464 334 1573 391 Aut
1598 337 1817 410 negabit
1841 337 2096 411 lingulam

141 444 184 508 §-
211 438 386 494 XVII.
410 456 601 512 penem
634 438 743 496 effe.
823 437 1000 514 Qod
1038 438 1234 519 lingula
1265 441 1414 512 penis
1447 438 1534 510 fit,
1578 440 1804 499 dubium
1842 461 1958 501 non
1997 447 2093 504 est:

140 564 266 602 cum
286 548 428 603 nulla
452 546 552 603 alia
575 562 694 618 pars
719 547 775 600 in
794 557 918 601 toto
942 549 1118 601 lernaeae
1137 562 1364 620 corpore
1390 562 1656 620 occurrat,
1701 563 1823 625 quae
1848 551 1927 609 vel
1949 555 2094 626 penis

139 650 366 710 formam
388 630 709 726 praeseferat,
749 654 829 710 vel
855 655 961 727 ejus
985 652 1166 708 officio
1197 651 1345 728 fungi
1367 654 1541 728 poffit.
1616 657 1926 734 Qomodo
1963 678 2092 716 vero

138 780 273 839 pene
295 764 366 818 ita
392 761 692 817 constru&o
721 761 776 816 in
797 760 1040 834 fingulari
1064 760 1173 817 hoc
1194 759 1501 816 animalium
1535 780 1724 836 genere
1762 761 2090 822 faecundatio

138 882 445 944 peragatur,
486 881 718 924 mentem
741 886 913 924 meam
938 868 1137 938 aperire
1161 868 1273 941 jam
1302 866 1523 924 adnitar.

262 1037 265 1039 ‚
391 976 543 1031 Dum
567 979 772 1045 lernaeae,
816 983 1006 1049 utpote
1037 973 1279 1031 animalia
1314 977 1633 1052 androgynae,
1676 989 1869 1034 mutuo
1906 995 2090 1036 amore

136 1079 187 1139 se
206 1081 619 1157 amplestuntur,
668 1081 726 1136 &
750 1099 911 1155 penes
933 1083 988 1138 in
1010 1082 1209 1155 vaginis
1233 1081 1475 1155 turgidos
1501 1083 1731 1155 habent3
1772 1084 1988 1142 musculi
2016 1087 2090 1143 Ia-

136 1189 351 1246 biorum
404 1190 622 1262 parietes
665 1188 979 1247 semicanalis
1015 1189 1448 1245 constituentium
1481 1191 1609 1247 aestu
1644 1209 1871 1249 venereo
1904 1194 2087 1265 perciti

136 1295 526 1352 contrahuntur
546 1340 562 1366 ,
604 1309 766 1370 atque
788 1296 923 1352 labia
944 1296 1140 1365 ereffila,
1186 1294 1243 1350 ὃ(
1269 1294 1588 1355 dehistentia
1621 1285 1820 1356 tenent.
1902 1302 2089 1375 Qare

135 1401 482 1472 semicanalis,
523 1402 645 1458 alias
683 1403 1019 1474 obliteratus,
1057 1419 1201 1459 nunc
1232 1414 1404 1476 patet,
1442 1403 1778 1481 liberumque
1814 1406 2088 1474 tranlitum

136 1509 306 1567 ovulis
337 1527 399 1564 ex
420 1510 604 1565 ovatio
627 1510 684 1565 in
717 1521 924 1565 uterum
965 1509 1180 1584 praebet.
1261 1510 1496 1585 Delapsis
1540 1513 1594 1568 in
1639 1526 1849 1570 uterum
1897 1514 2087 1585 ovulis,

135 1616 266 1675 dum
293 1617 442 1688 penis
465 1616 792 1688 interpolatis
817 1617 1217 1678 arietationibus
1250 1630 1457 1675 uterum
1485 1636 1586 1676 nec
1623 1638 1739 1676 non
1782 1621 1910 1679 huic
1950 1620 2087 1696 adja-

135 1738 344 1781 centem
387 1723 624 1779 canalem
655 1723 963 1781 tortuosum
1005 1726 1092 1781 teu
1123 1724 1555 1800 Epididymidem
1593 1729 1662 1784 ad
1705 1727 2087 1802 frequentiores

134 1831 527 1890 contraffiones
553 1829 788 1886 sollicitat
804 1872 816 1893 ‚
858 1828 1032 1888 semen
1057 1850 1085 1886 e
1108 1830 1358 1889 verficulis
1378 1831 1737 1906 seminalibus,
1787 1835 1890 1906 stu,
1921 1836 1954 1891 fi
1979 1836 2089 1912 pla-

135 1954 236 2011 cet,
260 1960 287 1996 e
316 1937 551 1995 testiculo
574 1935 881 1994 cordiformi
916 1957 1006 2013 pet
1049 1938 1482 2014 Epididymidem
1507 1941 1562 1996 in
1598 1953 1804 1998 uterum
1839 1942 2088 2014 defertur,

134 2049 315 2123 ibique
350 2049 404 2103 in
441 2045 607 2103 canali
639 2033 810 2102 laeteo
848 2044 1008 2102 ovula
1047 2065 1138 2122 per
1172 2047 1530 2105 semicanalem
1569 2051 1719 2122 penis
1753 2050 1962 2124 delapsst
1999 2051 2087 2109 fae-

139 2155 360 2212 cundat.

395 2260 472 2316 Ex
506 2258 585 2317 his
620 2257 768 2341 spero
806 2259 941 2317 clare
974 2272 1149 2336 patet,
1191 2259 1458 2320 infinitum
1496 2264 1732 2322 Universi
1769 2266 2081 2324 Creatorem

136 2368 259 2426 ideo
291 2367 582 2424 testiculum
615 2387 735 2424 eum
758 2366 1134 2443 Epididyrnide
1157 2369 1227 2425 ad
1253 2382 1482 2436 uterum,
1505 2391 1623 2429 non
1650 2392 1775 2431 vero
1798 2375 1866 2431 ad
1889 2393 2082 2450 penem

136 2475 436 2546 collocasse,
465 2488 562 2559 ut,
604 2474 734 2532 dum
764 2494 826 2532 ex
849 2477 1104 2550 impervio
1129 2493 1267 2549 pene
1291 2476 1465 2535 semen
1491 2480 1728 2553 ejaculari
1750 2500 1866 2539 non
1898 2483 2082 2558 poss'et,

43 2597 54 2605 ·
135 2584 245 2641 hoc
267 2584 566 2641 immediate
590 2603 651 2639 ex
682 2583 1057 2659 Epididymide
1080 2584 1302 2641 effusum
1328 2588 1497 2643 ovulis
1520 2589 1574 2644 in
1597 2602 1750 2646 utero
1790 2590 2083 2664 aspergere-

137 2706 237 2750 tur.
319 2690 469 2747 Penis
493 2709 620 2749 vero
643 2707 759 2747 non
780 2690 973 2748 solidus
999 2690 1190 2763 fae'wS,
1229 2692 1317 2750 sed
1340 2692 1642 2752 semicanale
1675 2697 1945 2754 instrufius
1982 2699 2079 2754 est:

140 2813 199 2857 ut
234 2802 287 2856 in
325 2798 507 2854 aeithali
545 2816 732 2856 venere
767 2800 935 2857 ovulis
973 2801 1241 2858 tranfitum
1278 2803 1598 2878 impertiret;
1650 2805 1683 2860 fi
1717 2805 1854 2861 enim
1888 2803 2082 2860 solidus

139 2907 302 2964 fuisset
329 2921 420 2978 aut
450 2905 660 2963 urethra
684 2906 962 2981 praeditus,
1002 2921 1179 2968 totum
1216 2912 1420 2985 vaginae
1450 2911 1675 2983 spatium
1709 2911 1911 2987 replens
1944 2914 2091 2968 viam.

155 3012 159 3016 ’
1127 3018 1168 3073 E
1880 3036 2013 3076 ovu-
