2513 3435
925 102 1018 165 DE
1067 101 1325 163 HYDRA.
1690 180 1692 183 Α
2018 134 2085 184 91

390 228 457 285 In
512 224 641 285 facie
686 224 926 283 dentium
968 242 1209 284 convexa
1256 225 1354 283 alia
1403 225 1687 300 ligamenta
1735 232 2085 294 vermiformia
2103 256 2316 322 Figura4.

139 359 186 395 ιι.
213 357 259 394 ιι.
282 357 328 392 ιι.
351 351 577 392 numero
604 334 788 408 viginti
814 333 1140 404 obveniunt,
1185 346 1347 408 atque
1372 335 1443 390 ita
1470 333 1657 409 dispos
1660 347 1712 394 ta
1751 338 1905 412 sunt,
1947 356 2005 399 ut
2029 346 2083 402 in

138 445 300 520 singul
289 465 334 501 la
356 440 612 519 apophyfi
596 458 818 498 lunum
857 440 959 497 tale
991 439 1334 515 ligamentum
1371 454 1539 515 extet,
1579 442 1707 502 hinc
1744 445 1798 501 in
1839 447 2080 522 quolibet

138 553 298 610 dente
328 564 559 626 quatuor
591 561 951 605 numerantur.
1035 547 1339 626 Qodlibet
1376 549 1722 623 ligamentum
1756 554 1972 613 tubulus
2009 558 2079 614 est
2094 573 2242 641 Figura
2269 592 2306 640 ς,

137 663 354 717 conitus
391 661 523 714 ultra
561 656 750 712 lineam
799 654 1009 726 erastus,
1059 658 1286 723 humore
1320 656 1543 731 limpido
1578 658 1823 733 refertus,
1872 663 1930 719 in
1964 680 2078 722 uno

135 768 290 825 latere
313 765 508 842 duplici
530 765 852 839 punctorum
879 763 1070 819 ordine·
1090 784 1136 818 ιι.
1160 762 1395 836 depictus
1415 808 1430 835 >
1467 777 1627 839 atque
1656 768 1713 824 in
1738 782 1891 827 acuta
1917 783 2077 828 extre-

135 877 316 932 mitate
338 873 424 930 seu
450 874 503 930 in
526 874 670 946 apice
694 871 837 928 fimili
859 871 1067 928 macula
1097 872 1342 928 coccinea
1370 873 1410 925 b.
1449 885 1698 943 notatus3
1743 875 1799 929 in
1845 894 1952 948 qua
1994 895 2079 935 ex-

132 985 397 1041 tremitate
418 981 572 1037 etiam
592 980 786 1037 nebula
815 979 1042 1037 candida
1065 980 1203 1037 intus
1225 977 1523 1038 delitescens
1544 994 1774 1056 apparet.
1816 984 1946 1042 Baiis
1972 987 2098 1067 ejus.

131 1089 199 1146 ad
223 1090 461 1146 dentium
488 1087 803 1165 apophyfim
833 1087 1097 1158 adhaeret‚
1144 1104 1276 1162 apex
1307 1104 1435 1146 vero
1471 1086 1599 1145 liber
1634 1088 1767 1148 inter
1805 1089 1988 1149 dentes
2007 1091 2079 1162 ss&

88 1236 94 1240 -
135 1199 300 1254 cutim
321 1197 552 1253 flutffiuat.
1303 1267 1307 1271 1

387 1304 655 1361 Ξῑτιιξὶηω
678 1303 1090 1377 ligamentorum
1111 1301 1525 1362 vermiformium
1550 1305 1730 1379 primo
1765 1305 1958 1364 intuitu
1991 1323 2079 1363 me

131 1429 197 1470 eo
233 1411 482 1483 deduxit,
526 1411 680 1487 quod
714 1411 796 1467 illa
830 1411 1058 1468 totidem
1090 1413 1270 1484 ffldrae
1304 1410 1453 1470 faetus
1490 1411 1582 1471 este
1617 1414 1908 1472 crederem:
1948 1432 2075 1472 nam

133 1519 419 1576 candidam
464 1518 602 1575 illam
648 1517 909 1575 maculam
940 1519 996 1574 in
1031 1512 1180 1593 apice
1219 1518 1558 1595 conspicuam
1605 1538 1708 1596 pro
1747 1522 1900 1578 initio
1945 1522 2076 1581 den-n

129 1628 262 1683 tium
290 1626 483 1698 habui,
527 1626 722 1702 puncia
754 1643 882 1684 vero
909 1625 1155 1683 coccinea
1179 1627 1408 1684 totidem
1436 1627 1529 1684 effe
1567 1629 1828 1701 opinabar
1863 1606 2074 1705 papillaa

131 1752 249 1790 rum
268 1734 554 1808 principia,
594 1750 713 1808 quae
740 1733 797 1788 in
821 1732 980 1788 dorso
1009 1734 1223 1805 majoris
1248 1739 1428 1806 Hydrae
1467 1742 1509 1805 §-
1532 1737 1601 1792 Π.
1647 1736 1902 1809 dispofitae
1937 1736 2073 1794 sunt.

135 1845 320 1918 Qum
345 1858 470 1899 vero
497 1840 657 1897 balim
679 1858 866 1897 eorum
887 1855 1114 1897 externae
1141 1842 1382 1900 dentium
1403 1843 2076 1921 facieiapplicatam‚atque

129 1950 340 2006 firmiter
363 1948 571 2005 affixam
593 1946 1073 2031 deprehendissem,
1108 1960 1358 2024 praeterea
1379 1968 1607 2025 corpora
1632 1951 1808 2009 haecce
1828 1954 2074 2010 vermicu-

130 2056 255 2113 laria
281 2057 335 2112 in
357 2056 638 2126 omnibUS,
681 2072 814 2128 quas
859 2055 1106 2131 deinceps
1153 2057 1387 2129 diffecui,
1427 2062 1614 2131 ffldris
1649 2062 1842 2134 aequali
1878 2059 2075 2136 semper

127 2179 353 2219 numero
390 2162 446 2218 &
473 2163 785 2222 circulariter
825 2162 1066 2236 disposita
1099 2163 1497 2239 conspexissem,
1539 2166 1950 2239 ligamentorum
1978 2182 2074 2226 no-

130 2271 273 2326 mine
301 2288 360 2327 ea
382 2270 622 2344 infignire
644 2270 830 2328 Statui.

383 2376 518 2435 Usus
555 2379 750 2435 horum
786 2378 1196 2454 ligamentorum
1240 2378 1588 2441 nihilominus
1638 2380 1789 2441 valde
1823 2381 2075 2441 obscurus

133 2487 228 2543 est:
270 2504 391 2544 cum
421 2488 565 2547 enim
598 2486 757 2544 altera
790 2491 1117 2545 extremitate
1154 2489 1316 2547 libera
1350 2489 1476 2561 iim,
1519 2492 1703 2550 dentes
1745 2491 1950 2549 firmare
1984 2506 2075 2550 aut

130 2612 345 2651 movere
365 2611 480 2651 non
505 2595 708 2677 valent3
749 2596 926 2653 minus
950 2599 1109 2653 etiam
1137 2600 1204 2655 ad
1233 2598 1380 2655 cibos
1400 2576 1848 2658 comminuendos
1873 2600 2072 2674 aliquid

130 2699 370 2758 conferre
394 2702 636 2776 possunt,
677 2722 798 2760 cum
821 2702 954 2761 infra
982 2708 1239 2763 annulum
1265 2706 1505 2764 dentium
1532 2707 1587 2765 &
1615 2721 1759 2765 extra
1796 2709 2072 2766 cavitatem

132 2810 236 2864 oris
272 2808 361 2865 sita
407 2809 516 2867 fint.
597 2812 684 2868 An
721 2811 930 2869 salivam
973 2812 1277 2886 secernunt,
1329 2827 1490 2890 atque
1532 2817 1586 2872 in
1629 2832 1817 2873 cavum
1856 2818 1959 2874 oris
1994 2835 2075 2872 ex-

133 2913 371 2990 spuunt?
411 2916 534 2975 sane
560 2918 807 2978 strunura
837 2933 999 2994 atque
1020 2921 1139 2978 fitus
1162 2940 1348 2979 eorum
1374 2924 1427 2980 id
1449 2939 1566 2979 non
1609 2923 1784 2981 leviter
1824 2923 2074 2979 indicant.

1017 3026 1080 3083 M
1125 3048 1156 3084 2
1798 3031 2008 3106 Qodfi
