2513 3435
435 110 543 170 146
1220 100 1479 159 ΘᾸΡΙΠε
1514 100 1607 160 Χ.’

432 239 579 281 mum
626 223 774 299 plura
799 239 1028 297 corpora
1054 224 1258 281 marina
1306 223 1616 301 acquirendi
1648 223 1930 286 habebam.
2016 224 2102 283 Eo
2139 225 2380 306 stribere,

432 345 493 390 ut
516 332 688 390 fimilia
712 333 781 391 ad
807 352 890 393 me
912 334 1246 394 mitterentur
1279 347 1484 395 naturae
1505 333 1801 413 producia,
1838 335 2022 392 inutile
2048 339 2382 415 reputabam,

432 460 601 515 quum
622 441 827 498 nullum
852 442 1081 525 histo-riae
1104 443 1352 502 naturalis
1375 442 1635 502 cultorem
1661 444 1715 500 in
1738 443 2127 519 populatisiima
2150 447 2235 503 illa
2252 449 2386 514 urbe

436 548 722 606 noscerem.
797 551 1090 609 Maerebam
1113 552 1293 628 itaque
1314 552 1508 609 tristem
1533 571 1711 610 meum
1731 552 1905 610 casum
1931 554 2166 627 tamditi‚
2209 554 2388 616 donec

438 660 605 715 Anno
635 660 903 729 1754.C1.
935 650 1326 716 MAUremus'm
1347 649 1717 718 -MAYERSBACH
1752 660 1999 722 Medicus
2034 662 2297 738 Pragenfis
2332 665 2391 722 in

436 768 643 824 Italiam
670 766 1107 843 proficisceretur,
1152 770 1244 845 qui
1268 768 1552 843 Neapolim
1580 766 1897 843 adveniens,
1940 772 2120 846 ibique
2149 789 2240 846 per
2277 771 2389 847 plu-

436 894 515 935 res
535 874 782 932 Mensens
810 894 1017 933 moram
1041 877 1284 948 trahem,
1322 895 1524 952 magno
1549 878 1790 935 amicitia}
1828 879 1977 954 signo
2014 878 2239 954 plurima
2270 896 2389 937 cor-

437 1000 575 1057 pora
615 985 847 1055 marina,
888 985 952 1041 &-
982 987 1118 1041 inter
1154 986 1273 1043 haec
1310 985 1422 1042 duo
1459 984 1664 1057 praefati
1685 989 1863 1062 squali
1895 1004 2001 1044 ova
2037 985 2131 1042 sub
2161 975 2388 1044 nomine

437 1086 627 1151 Italico
665 1084 819 1166 Bors'a
846 1096 930 1147 del
957 1115 1090 1148 mare
1127 1093 1197 1150 aci
1232 1113 1316 1151 me
1351 1093 1496 1151 misit.
1570 1094 1725 1151 Feriit
1767 1093 1954 1151 oculos
1991 1093 2128 1150 illico
2164 1089 2387 1168 spiendi-

440 1198 570 1257 dum
596 1201 653 1256 &
689 1218 970 1275 nunquam
1005 1202 1148 1275 prius
1185 1201 1348 1260 visum
1376 1220 1597 1277 corpus,
1641 1214 1982 1276 mentemque
2019 1201 2185 1258 indies
2221 1202 2388 1275 torsit,

437 1324 611 1382 quum
646 1306 878 1365 divinare
914 1309 1204 1381 studerem,
1249 1309 1506 1384 quidnam
1544 1310 1615 1365 rei
1645 1307 1800 1366 esset?
1843 1308 2261 1367 verifimiilimum
2295 1307 2389 1368 de-

437 1432 587 1473 mum
613 1415 740 1472 mihi
764 1415 1071 1489 videbatur,
1115 1415 1333 1474 vesicam
1361 1435 1564 1473 aeream
1590 1415 1864 1488 cujusdam
1889 1415 2034 1491 piscis
2059 1412 2152 1472 effe
2170 1429 2388 1492 propte-

437 1539 542 1591 rea,
569 1523 721 1599 quod
744 1524 874 1582 illud
900 1543 1088 1584 cavum
1113 1524 1172 1581 &
1198 1543 1312 1582 aere
1332 1525 1548 1600 plenum
1575 1523 1878 1582 invenirem.
1952 1523 2028 1580 Ut
2052 1541 2180 1582 vero
2201 1526 2392 1583 certior
2423 1565 2425 1568 -

439 1626 509 1684 de
541 1633 647 1706 ejus
684 1632 866 1690 indole
899 1632 1104 1705 fierem,
1156 1633 1441 1710 postquam
1475 1634 1895 1709 praenominatus
1935 1632 2006 1688 D.
2042 1653 2102 1688 Da
2141 1633 2388 1690 Manas-

440 1753 567 1792 BACH
593 1755 716 1796 cum
737 1739 911 1816 legato
929 1741 1180 1800 Guevara
1197 1742 1264 1799 ad
1280 1741 1482 1815 Regem
1505 1738 1843 1816 Portugalliae
1864 1738 2012 1820 misso
2030 1727 2395 1816 >Neapoli‘diss

441 1842 673 1917 cessisset,
718 1847 789 1904 ad
813 1848 970 1907 alium
994 1853 1220 1909 amicum
1245 1849 1447 1908 ibidem
1481 1849 1766 1925 degentem
1789 1846 1988 1924 scripsi,
2028 1860 2089 1905 ut
2126 1848 2388 1926 expisca-

444 1954 651 2011 toribus
676 1970 958 2030 quaereret:
1002 1959 1136 2034 quid
1157 1958 1375 2033 proprie
1394 1961 1562 2031 -Borfiz
1597 1959 1679 2012 del
1706 1978 1839 2012 mare
1864 1952 2027 2018 esset?
2066 1975 2187 2031 quae
2225 1957 2391 2034 paulo

443 2063 562 2137 post
585 2063 667 2120 ilie
685 2082 786 2141 pro
810 2064 1059 2143 responso
1083 2064 1259 2137 dedit,
1303 2065 1543 2148 sequenti
1566 2064 1902 2141 paragrapho
1937 2065 2295 2126 continentur.

1262 2215 1352 2307 ς.
1419 2216 1579 2321 111„

446 2374 680 2512 Bmfiz
705 2383 790 2436 del
808 2400 940 2437 mare
962 2397 1078 2438 non
1101 2380 1172 2438 est
1193 2382 1353 2441 vesica
1369 2429 1407 2455 ‚ff
1425 2399 1603 2457 neque
1629 2381 1872 2440 ovarium
1895 2393 2008 2438 *taut
2041 2379 2139 2439 alia
2178 2400 2296 2460 pars
2323 2398 2388 2444 ex

612 2487 719 2544 alio
739 2489 877 2562 pisce
898 2490 1122 2547 extraEia
1136 2534 1153 2561 ,
1194 2490 1280 2547 sed
1301 2490 1499 2547 animal
1525 2489 1598 2548 sui
1619 2492 1820 2565 generis
1838 2489 2183 2548 masculinum
2205 2491 2263 2548 δεῖ
2285 2491 2390 2550 foe.

443 2596 722 2654 minimum.
795 2596 942 2655 Prius
965 2598 1070 2656 alio
1095 2619 1125 2655 a
1153 2598 1495 2672 piscatoribus
1521 2599 1745 2656 nomine
1765 2602 1934 2673 Papa,
1977 2599 2392 2678 alterumpogpest

424 2705 824 2781 stcappellatur.
912 2707 994 2766 Os
1018 2708 1081 2764 &
1111 2707 1356 2782 genitalia
1392 2706 1532 2766 intus
1566 2707 1758 2779 habet,
1804 2705 2083 2764 extrinsece
2116 2705 2389 2781 probosci-

444 2814 535 2872 des
557 2815 753 2872 verucis
777 2814 1076 2887 instrnEiaS,
1113 2833 1341 2889 quarum
1378 2834 1490 2891 ope·
1514 2813 1726 2873 firmiter
1760 2817 1906 2874 variis
1943 2816 2257 2891 corporibus
2296 2814 2391 2873 ad-

439 2922 618 2982 haeret.
699 2924 763 2982 ln
784 2921 893 2982 alto
915 2925 1046 2982 mari
1067 2942 1194 2983 vero
1229 2924 1338 2984 ilias
1373 2922 1623 3002 expansas
1656 2923 1849 2997 habet,
1890 2923 1947 2982 &
1993 2939 2188 2998 corpus
2221 2922 2389 2998 magis

436 3033 717 3091 tumidum.
2157 3014 2310 3088 Dan·
2350 3094 2354 3099 ᾗ
