2513 3435
131 2380 280 2444 szgura
301 2393 346 2429 2.

376 85 415 148 ’4
1192 69 1422 130 Caper
1463 75 1532 142 1„

376 197 522 263 nulla
544 183 767 257 cavitate
788 195 858 256 ad
889 196 1094 255 interna
1118 209 1467 272 penetrante,
1506 198 1594 258 sed
1619 200 1724 259 leni
1756 200 2014 260 duntaxat
2050 202 2161 262 finu
2201 223 2334 282 prae-
2369 240 2371 242 ·

380 311 493 370 dita
515 310 631 375 finti
699 307 1016 383 Longitudo
1038 306 1234 363 horum
1259 308 1652 366 tentaculorum
1675 310 1747 367 est
1778 311 1861 368 sex
1884 310 2170 386 linearum,
2210 314 2338 373 cras:

383 421 511 477 fities
544 421 718 476 trium.
804 417 1019 474 Distant
1046 416 1116 473 ab
1161 416 1336 473 antica
1369 419 1552 494 capitis
1581 432 1731 495 parte
1756 420 1906 478 lineis
1951 438 2180 494 novem,
2222 442 2254 481 a
2288 422 2339 484 se

383 530 606 588 invicem
627 527 772 584 lineis
795 525 893 584 sex.

636 636 766 693 Tres
787 635 946 690 lineas
967 630 1099 689 infra
1123 632 1405 708 quodlibet
1425 636 1751 692 tentaculum
1782 636 2067 696 auriforme
2101 639 2245 697 oculi
2286 639 2340 699 li-

383 757 598 801 tuantur
621 743 887 818 nigerrimi
912 741 1148 800 candido
1175 742 1371 803 circulo
1397 744 1735 815 circumdati,
1761 768 1802 800 c.
1825 769 1865 802 c.
1888 747 2120 804 mediam
2142 748 2339 808 lineam

384 853 647 911 diametro
671 849 992 927 assequentes
1010 896 1025 921 ,
1070 863 1232 923 atque
1246 851 1406 937 ‚nudo
1433 852 1591 910 etiam
1618 852 1779 908 oculo
1805 853 2088 929 conspicui.

637 957 855 1016 Collum
879 960 927 1013 d.
939 974 1194 1035 *convexo
1219 936 1466 1033 planum,
1509 959 1753 1033 pollicem
1776 979 1897 1017 cum
1933 975 2164 1037 quatuor
2189 963 2338 1021 lineis

383 1048 637 1145 longum,
663 1067 720 1124 &
741 1083 907 1124 unum
933 1045 1181 1141 pollicem
1204 1066 1372 1123 latum
1399 1067 1483 1127 est.
1564 1067 1626 1123 In
1650 1067 1880 1128 inferiori
1896 1070 2194 1145 ‘dextraque
2215 1069 2338 1130 colli

385 1190 534 1253 parte
567 1176 692 1232 osto
724 1173 882 1231 lineas
904 1172 1038 1232 infra
1063 1174 1329 1232 tentacula
1352 1172 1657 1232 auriformia
1688 1179 1917 1235 exoritur
1951 1179 2261 1235 membrana
2292 1201 2338 1234 e:

385 1283 568 1356 crassa,
604 1281 850 1353 carnosa,
889 1282 1024 1338 ultra
1048 1281 1294 1357 pollicem
1325 1281 1458 1354 lata,
1497 1300 1620 1357 quae
1653 1283 1823 1342 versus
1844 1287 2132 1361 posteriora
2160 1290 2339 1342 lernaeae

387 1390 667 1466 protensa,
707 1391 832 1448 inde
875 1391 932 1448 in
965 1389 1212 1447 finistram
1250 1390 1371 1447 colli
1404 1404 1608 1466 partem
1654 1405 1946 1465 tevestem,
1989 1385 2190 1450 ibidem
2213 1394 2339 1451 defi-

389 1502 471 1556 nit
487 1502 557 1570 f:
599 1513 760 1576 atque
790 1499 1050 1575 reliquum
1082 1517 1274 1575 corpus
1308 1498 1448 1572 pallii
1478 1499 1633 1557 instar
1670 1502 1885 1560 investit.
1961 1492 2339 1558 Membranam

391 1608 593 1665 hancce
630 1608 904 1684 palliolum
929 1609 1077 1664 liceat
1103 1608 1361 1683 appellare
1382 1649 1394 1671 ‚
1430 1608 1586 1683 quod
1621 1627 1720 1684 pro
1763 1609 1937 1666 lubitu
1969 1614 2144 1665 lernaeae
2167 1610 2341 1667 modo

392 1715 729 1787 distenditur,
757 1717 813 1772 ὃς
848 1715 1147 1786 reticentur,
1186 1717 1359 1773 modo
1387 1734 1515 1773 vero
1549 1718 1874 1790 coarctatur,
1917 1718 1991 1774 ita
2029 1731 2087 1773 ut
2119 1718 2339 1794 palliolo

393 1823 561 1881 hocce
600 1825 891 1896 posteriora
928 1830 1102 1880 lernaeae
1135 1824 1214 1881 vel
1241 1825 1480 1900 undique
1522 1825 1878 1900 obtegantur,
1937 1843 2007 1882 ne
2044 1825 2344 1902 quidquam

393 1931 461 1988 de
483 1933 680 1988 horum
706 1932 954 1989 struclura
979 1946 1257 2008 appareat,
1286 1931 1751 2008 quemadmodum
1772 1934 1828 1990 in
1842 1934 1882 1990 F
1885 1935 1951 2011 ig.
1967 1935 2006 1991 Ι.
2036 1935 2212 1992 videre
2245 1935 2342 1993 est:

395 2037 474 2096 vel
508 2039 730 2112 palliolo
765 2040 957 2100 reflexo
1008 2042 1323 2114 detegantur
1347 2087 1363 2113 ‚
1419 2041 1476 2097 ὃς
1512 2060 1851 2116 quaecunque
1892 2045 2037 2116 prius
2084 2043 2343 2114 latebant,

393 2163 540 2203 nunc
568 2148 814 2222 jucundo
854 2149 1146 2226 speria-culo
1181 2151 1236 2206 in
1258 2148 1598 2225 conspertum
1635 2151 1849 2207 veniant
1872 2196 1889 2224 ‚
1937 2150 2097 2209 veluti
2133 2151 2242 2226 Fig.
2276 2135 2342 2209 Π.

396 2255 737 2312 demonstrat.

650 2363 870 2421 Reflexo
890 2364 1001 2422 'hac
1023 2366 1229 2421 ratione
1253 2363 1500 2437 palliolo,
1531 2366 1727 2421 labium
1762 2365 1964 2422 dorsale
2007 2386 2074 2422 a:
2113 2366 2189 2424 ob
2212 2382 2343 2422 ocu-

398 2471 478 2528 los
511 2473 755 2546 ponitur.
799 2471 954 2548 quod
985 2473 1114 2529 infra
1142 2473 1339 2529 collum
1368 2473 1424 2528 &
1449 2474 1612 2548 paulo
1646 2473 1715 2530 ad
1741 2473 1987 2531 finistram
2010 2476 2185 2530 trunci
2217 2489 2340 2546 par-

396 2593 503 2637 tem
544 2594 822 2652 exortum,
862 2595 1023 2657 atque
1064 2580 1233 2640 versus
1266 2575 1554 2655 posteriora
1594 2581 1865 2638 extensum
1909 2585 1965 2639 in
1990 2583 2337 2640 Semiconum

394 2707 585 2746 cavum
611 2693 652 2744 b.
678 2690 1047 2758 convoluitur3
1090 2691 1192 2761 ita,
1235 2702 1292 2745 ut
1314 2688 1441 2746 basis
1465 2691 1590 2745 coni
1627 2693 1934 2747 exteriorem
1961 2707 2094 2764 apex
2118 2709 2245 2748 vero
2272 2690 2344 2746 in-

396 2801 642 2855 teriorem
670 2798 819 2855 fitum
844 2811 1087 2872 occupet.
1165 2783 1228 2855 In
1253 2795 1484 2855 inferiori
1512 2797 1695 2855 hastos
1720 2799 1971 2874 portione
1995 2802 2081 2857 ani
2102 2801 2269 2857 exitus
2298 2821 2340 2855 c.

393 2918 557 2979 patet.

2153 3011 2254 3068 La-
