2513 3435
760 95 1252 156 DeLoucrms
1307 113 1469 155 ovis.
1972 110 2074 175 163

124 235 306 282 totum
329 220 426 298 juli
466 219 688 276 tracium
728 218 955 274 excurrit
977 262 995 289 ,
1053 236 1084 274 a
1119 228 1310 275 natura
1346 216 1540 277 saelum
1575 214 1781 274 videtur
1808 262 1825 288 ‚
1880 232 1938 275 ut
1972 239 2076 280 ova

124 331 212 390 stu
255 328 487 388 vefieulae
519 343 673 382 caecae
702 330 764 394 ,§.
799 325 892 382 VI.
930 325 998 380 illi
1033 342 1253 382 annexae
1294 323 1510 383 firmiori
1546 328 1680 384 stent
1712 325 1855 396 tale,
1900 344 2074 402 neque

125 437 272 496 facile
301 438 370 495 ab
399 435 589 510 injuriis
612 431 958 509 procellarum
983 451 1014 489 a
1046 431 1094 487 se
1115 433 1339 492 invicem
1366 429 1718 490 diffolvantur.
1801 433 2071 508 Siquidem

124 547 473 615 membrana,
513 559 635 618 quae
676 538 913 599 veficulas
945 532 1169 611 format,
1192 540 1348 596 ‘adeo
1387 553 1566 597 tenera
1608 541 1715 612 est,
1755 553 1812 597 ut
1853 542 2069 600 minima

121 655 172 713 vi
199 647 498 727 rumpatur.'
569 645 684 705 Hac
705 661 883 704 tamen
921 661 1111 721 rupta,
1150 645 1280 704 nihil
1315 665 1376 703 ex
1415 650 1656 722 proxima
1687 648 1910 721 liquoris
1944 653 2063 723 exit,

119 762 297 824 minus
320 760 470 818 faetus
491 760 597 833 ejus
621 755 899 829 egreditur.
980 755 1142 813 Unde
1165 773 1250 812 eas
1284 755 1524 814 vesiculas
1561 757 1753 842 evulso*
1776 759 2067 833 ligamento

119 863 350 945 integras
375 883 587 926 manere
612 865 807 923 clarum
830 864 916 922 est.
1101 859 1106 863 ’

385 968 562 1050 Quod
582 966 760 1031 autem
786 985 943 1048 rupta
964 989 1072 1030 una
1095 969 1284 1041 vesica,
1318 988 1387 1027 ‘ex
1410 969 1566 1029 altera
1597 971 1727 1029 nihil
1759 972 1960 1037 effluat,
1995 974 2068 1032 st-

118 1087 305 1156 quenti
329 1083 536 1140 ratione
569 1081 787 1138 edoctus
823 1080 951 1136 sum.
1036 1078 1298 1154 Scalpello
1332 1080 1760 1155 qualemcunque
1798 1081 2066 1139 vesiculam

118 1187 176 1249 in
203 1191 320 1266 julo
355 1164 589 1259 dissecui,
653 1192 767 1262 q'uo
802 1186 940 1244 facio
977 1187 1116 1243 illico
1156 1185 1306 1243 faetus
1341 1188 1397 1251 in
1430 1206 1490 1243 ea
1523 1202 1807 1245 contentus
1839 1189 2067 1264 profiliit‚

119 1316 280 1374 quem
308 1295 500 1353 deinde
537 1297 744 1371 penitus
773 1294 973 1364 exemi,
1012 1293 1072 1350 &
1104 1292 1643 1371 vestanam-liquore,
1689 1298 1771 1353 cui
1806 1295 1953 1353 faetus
1998 1298 2069 1353 in·

117 1386 374 1469 natabat‚'
410 1400 638 1462 liberavi.
721 1404 902 1478 Atque
917 1416 1060 1483 ‘tunc
1083 1403 1355 1460 vesiculam
1382 1405 1681 1480 proximam
1717 1404 1898 1461 leniter
1938 1406 2068 1480 digi-

117 1515 376 1588 topreffi,
414 1532 443 1570 e
469 1530 576 1587 qua
600 1529 726 1568 vero
757 1527 856 1567 nec
884 1507 1182 1585 quidquam
1208 1511 1274 1567 de
1308 1510 1543 1585 liquore,
1583 1530 1758 1588 neque
1793 1513 1948 1569 etiam
1980 1510 2069 1569 fae.

117 1635 200 1682 tus
251 1623 457 1691 exivitf'
480 1617 758 1677 manifesto
802 1631 1148 1694 argumento:
1209 1618 1361 1691 quod
1404 1619 1626 1693 quilibet
1669 1620 1820 1678 faetus
1849 1623 2065 1696 propria

76 1745 78 1747 ’
119 1726 335 1788 vesicula
357 1724 691 1798 includatur,
732 1739 896 1802 atque
929 1726 1098 1801 quod'
1123 1724 1621 1800 quaelibet'veficula
1653 1745 1832 1784 verum
1865 1732 2063 1805 lolzgz'nis

117 1835 286 1896 ovum
305 1806 381 1892 ΗΕ.
410 1835 615 1911 'Qum
639 1847 812 1892 autem
835 1834 1164 1908 septuaginta
1192 1832 1460 1909 ejusmodi.
1477 1834 1704 1892 vesiculae
1728 1837 1815 1893 stu
1839 1835 2067 1893 totidem

118 1964 224 2003 ova
247 1947 300 2002 in
331 1947 493 2003 unico
505 1945 624 2020 julo
648 1954 1022 2011 numerentur,
1066 1943 1209 2019 patet
1238 1943 1351 2015 jam
1391 1941 1606 2014 clarius,
1643 1962 1734 2000 cur
1771 1945 1913 2002 hanc
1947 1942 2067 2001 vefi-

120 2054 358 2112 cularum
381 2053 883 2113 concatenationem
907 2049 1080 2126 julum
1113 2049 1324 2108 &non
1361 2069 1527 2111 ovum
1559 2053 1816 2131 appellare
1852 2054 2067 2112 adama-

119 2164 299 2221 verim.
973 2154 976 2155 ⁷
1143 2142 1154 2155 ὅ

115 2475 355 2638 ·Du'm
376 2471 723 2553 ligamentum
748 2472 1058 2554 proprium,
1093 2478 1254 2554 quod
1277 2477 1476 2534 e-lastica
1504 2473 1593 2534 sua
1631 2477 1680 2535 vi
1714 2488 1893 2534 totum
1928 2480 1980 2533 in
2017 2476 2066 2535 se

304 2582 634 2643 contractum
671 2586 868 2658 fuerat,
906 2584 1293 2657 extenderem,
1342 2585 1396 2641 in
1435 2585 1771 2661 conspecium
1805 2598 2063 2643 venerunt

122 2694 278 2754 variae
298 2691 738 2772 intercapedines,
779 2719 825 2752 a.
847 2718 892 2752 a.
919 2717 965 2752 a.
989 2713 1120 2770 quas
1153 2695 1364 2768 vestigia
1396 2693 1688 2751 insertionis
1723 2696 2060 2752 veficulorum
2083 2701 2229 2766 Figura
2253 2711 2296 2756 3.

125 2805 219 2862 effe
242 2807 451 2879 opinor.
527 2805 663 2862 Sunt
684 2823 810 2862 vero
834 2805 948 2862 haec
973 2803 1181 2878 vestigia
1205 2802 1340 2860 leves
1369 2801 1792 2860 finuscirculares
1817 2803 2064 2875 ligamen-

123 2926 239 2974 tum
259 2913 563 2973 ambientes.
644 2914 910 2972 Caeterum
939 2914 1288 2990 ligamentum
1313 2912 1585 2988 proprium
1608 2913 1924 2971 a-‘communi
1950 2929 2066 2968 non

1016 3018 1072 3074 X
1116 3042 1151 3082 2
1895 3018 1992 3077 dif-
