2513 3435
928 98 1021 158 DE
1074 100 1277 154 Amo.
2013 113 2080 172 69

376 221 440 277 In
471 220 652 294 supina
674 219 855 292 capitis
880 232 1033 292 parte
1056 219 1412 293 prominentia
1440 217 1789 276 mammillaris
1824 240 1872 275 a.
1896 240 2078 279 occur·
2112 216 2259 284 sigma
2285 233 2326 280 5·

143 329 236 398 rit,
258 329 495 403 proxime
521 327 590 382 ad
622 340 856 383 ventrem
886 310 1001 397 sita,
1025 329 1264 401 quinq-ue
1297 327 1454 384 lineas
1474 346 1502 383 a
1525 328 1760 400 margine
1785 329 1991 386 distans
2036 331 2096 388 In

123 436 301 493 medio
327 436 478 508 hujus
493 435 861 510 prominentiae
888 435 1202 511 conspicitur
1215 433 1454 492 foramen
1491 436 1740 510 exiguum
1758 435 1926 506 ovale,
1941 437 2096 510 quod

131 562 194 600 os
215 552 321 620 argi
345 542 630 601 constituit.
705 542 792 598 Ad
813 541 972 600 latera
995 547 1098 600 oris
1124 543 1238 599 duo
1264 542 1361 600 alia
1387 544 1679 616 tentacula,
1704 556 1764 599 ut
1787 544 1948 618 paulo
1969 558 2091 603 ante

128 652 361 723 memini,
377 651 466 708 fita
491 649 627 720 sunt,
644 648 824 706 itidem
849 651 1118 722 teretia,&
1139 652 1286 709 luteo
1307 653 1489 709 colore
1513 653 1690 711 tinfia.
1732 652 1939 710 Haecin
1967 670 2089 711 eum

123 758 285 816 finem
306 780 417 836 argo
440 777 470 814 a
492 769 682 813 natura
705 756 828 813 data
842 756 936 813 effi:
958 758 1222 830 videntur,
1233 772 1292 815 ut
1317 760 1376 817 iis
1392 759 1748 818 mediantibus
1761 760 1926 818 escam
1939 760 2086 818 suam

120 868 400 942 percipere,
420 878 581 940 atque
610 864 677 921 ad
707 882 768 920 os
789 864 1085 940 propellere
1111 879 1289 941 queat.
1334 869 1526 948 Qum
1556 869 1696 925 enim
1718 868 1861 927 oculi
1880 869 1935 924 in
1960 885 2086 944 pro-

121 990 194 1029 na
225 974 410 1045 capitis
441 985 589 1048 parte
609 970 686 1027 fiti
715 972 837 1044 sint,
879 971 1083 1046 objecta
1111 975 1190 1030 ori
1220 976 1467 1047 proxima
1504 974 1652 1033 haud
1687 975 1863 1033 videre
1896 976 2080 1048 poffet.

124 1078 209 1136 Ne
238 1079 421 1154 itaque
443 1079 547 1135 hac
566 1079 633 1135 cle
663 1078 813 1135 causa
840 1080 1018 1136 omnis
1042 1080 1151 1138 esca
1174 1082 1337 1138 nostri
1360 1083 1589 1157 Zoophyto
1612 1082 1902 1157 aufugeret,
1940 1082 2080 1143 hisce

127 1186 344 1245 duobus
363 1185 638 1246 tentaculis
664 1187 734 1246 ad
761 1187 1135 1260 aucupandam
1159 1188 1394 1263 praedam
1419 1191 1506 1266 ipfi
1532 1191 1798 1265 provisum
1819 1192 1902 1250 est.

960 1340 1026 1428 ς.
1091 1340 1221 1409 iv.

268 1501 510 1558 bdomen
535 1523 575 1556 c.
602 1501 847 1556 limacum
872 1520 1023 1557 more
1046 1505 1403 1561 constructum
1428 1506 1528 1578 est,
1570 1506 1605 1562 fi
1644 1482 1893 1564 nimirum
1929 1507 2068 1565 illam

304 1624 540 1682 partem,
581 1626 687 1682 qua
714 1608 868 1666 limax
893 1609 1116 1675 incedit,
1160 1612 1435 1669 abdomen
1458 1613 1718 1689 appellare
1742 1615 1906 1671 liceat.
1950 1616 2071 1672 Me-

116 1719 270 1775 dium
294 1717 445 1772 situm
484 1718 539 1771 in
574 1728 724 1786 parte
755 1715 937 1790 supina
967 1718 1204 1790 obtinet,
1249 1732 1412 1794 atque
1447 1735 1548 1779 tres
1582 1722 1742 1778 lineas
1781 1723 1915 1778 ultra
1958 1720 2067 1778 reli-

117 1844 284 1900 quum
307 1841 498 1899 corpus
528 1823 735 1887 eminet.
778 1823 1101 1899 Oblongum
1127 1827 1227 1896 est,
1266 1829 1319 1883 in
1345 1829 1547 1885 ambitu
1575 1829 1781 1886 fimbria
1802 1833 1849 1885 d.
1874 1829 2064 1886 lineam

111 1931 266 1988 craffa
288 1931 595 2006 praeditum,
634 1928 837 1986 fimbria
858 1949 985 1988 vero
1008 1933 1123 1990 haec
1144 1933 1403 1992 musculus
1429 1937 1498 1992 est
1523 1938 1657 1993 circa
1680 1938 1953 1996 abdomen
1976 1937 2067 1993 du0

115 2041 252 2110 etus,
298 2057 410 2116 quo
435 2040 703 2096 mediante
730 2058 874 2116 argus
899 2039 1027 2098 laxis
1046 2041 1262 2117 aliisque
1287 2044 1601 2117 corporibus
1628 2044 1880 2106 adhaeret.

984 2193 1076 2280 §.x
1108 2191 1189 2262 v,

114 2354 284 2525 Jam
306 2352 389 2410 illa
412 2370 533 2427 pars
559 2353 887 2412 enucleanda
912 2355 1084 2424 venit,
1127 2374 1248 2429 quae
1285 2365 1471 2437 Argum
1505 2363 1746 2418 nostrum
1779 2363 2061 2437 plurimum
2076 2379 2227 2449 Figura
2246 2397 2294 2444 4.

240 2460 500 2531 adornat,
541 2473 702 2535 atque
729 2464 875 2520 hunc
899 2465 968 2521 ab
1005 2465 1257 2525 omnibus
1295 2469 1400 2527 aliis
1435 2471 1749 2541 animalibus
1781 2472 2062 2547 distinguit.

113 2571 178 2626 In
203 2567 339 2624 dorfi
358 2579 508 2639 parte
531 2570 685 2645 capiti
713 2573 956 2645 oppofita
990 2585 1233 2649 ¹quatuor
1267 2576 1427 2632 lineas
1471 2596 1501 2633 a
1548 2581 1783 2652 margine
1820 2577 2064 2638 foramen

115 2675 343 2732 occurrit
361 2674 580 2743 ovalef.
598 2678 724 2734 ocio
748 2676 911 2734 lineas
930 2677 1184 2754 longum,
1223 2681 1459 2740 &lineas
1492 2687 1730 2761 quinque
1749 2686 1929 2743 latum.
1985 2688 2063 2745 Ex

117 2782 297 2840 medio
322 2781 530 2854 hujusce
556 2782 828 2842 foraminis
852 2798 1070 2846 truncus
1095 2791 1301 2864 exurgit
1318 2810 1558 2856 carneus,
1598 2794 1803 2852 albidus
1828 2808 2061 2870 quatuor

117 2891 275 2946 lineas
298 2888 523 2976 longus,
566 2909 729 2972 unam
757 2910 878 2949 cum
902 2892 1116 2956 dimidia
1142 2898 1302 2971 latus;
1343 2902 1434 2976 qui
1460 2902 1709 2977 utrinque
1738 2905 1794 2960 in
1817 2901 1955 2959 duos
1977 2918 2057 2959 ra-

1033 3007 1060 3062 Ι
1105 3027 1131 3075 3
1859 3027 1976 3066 mos
