2513 3435
167 1048 316 1112 Figura
342 1056 385 1092 2..

165 1394 313 1459 Figura
340 1405 358 1436 Ι
370 1424 380 1438 .

164 1683 312 1748 Figura
334 1692 376 1740 3.

440 178 512 229 So
1223 160 1456 217 CAPUT
1497 159 1602 218 IV.

437 286 587 344 nullo
617 283 819 343 servato
844 282 1032 340 ordine
1059 281 1408 340 collocantur.
1471 281 1712 342 Minores
1732 308 1772 341 c.
1796 308 1834 341 c.
1858 309 1898 342 c.
1925 308 1964 341 c.
1989 303 2118 344 vero
2143 276 2380 364 quaqua-

441 395 642 455 versum
669 410 762 466 per
790 392 925 449 dorsi
948 392 1264 468 superficiem
1289 408 1510 466 quoque
1530 391 1831 449 inordinate
1851 393 2083 469 dispersae
2106 397 2238 453 sunt.
2303 398 2380 454 Ex

439 500 690 558 omnibus
714 517 896 556 mucus
920 498 1122 555 albidus
1144 499 1448 570 prolicitur,
1492 499 1811 557 obliniendo
1836 503 2047 576 corpori
2088 488 2390 562 inserviens.v

439 610 601 666 Unde
620 607 884 683 glandulae
909 605 1139 662 totidem
1166 604 1260 660 effe
1287 605 1532 662 videntur
1553 605 1787 678 praefatae
1820 608 2024 683 papillae
2045 653 2061 679 ,
2103 609 2263 666 ductu
2300 630 2381 668 ex-

438 719 666 774 cretorio
690 714 975 785 instructae,
1018 716 1164 786 cujus
1187 726 1433 785 apertura
1458 712 1596 770 adeo
1620 715 1806 788 exigua
1833 717 1933 787 est,
1979 729 2037 771 ut·
2057 716 2207 772 lentis
2232 734 2380 773 corn-

437 824 609 881 munis
643 838 750 896 ope
784 841 898 878 eam
943 818 1245 892 conspicere
1273 822 1564 895 nequirem.
1667 820 1919 879 Praeterea
1951 825 2099 881 variis
2136 821 2380 880 musculis

439 931 646 988 easdem
671 933 898 986 munitas
923 925 1019 983 effe
1044 946 1105 983 ex
1130 947 1195 982 eo
1221 927 1476 1003 sequitur,
1518 928 1670 1003 quod
1694 930 1789 986 has
1812 931 1882 987 ad
1907 930 2132 986 lubitum
2156 933 2378 1005 errigere

438 1054 598 1114 atque
622 1039 900 1095 obliterare
922 1036 1089 1093 valeat
1119 1038 1310 1107 ffldra.
1384 1036 1538 1091 Dum
1565 1039 1787 1109 majores
1817 1038 2022 1114 papillae
2064 1057 2126 1094 ex
2163 1040 2376 1112 integro

436 1147 642 1222 errectae
667 1134 819 1216 sunt',
863 1144 968 1200 axis
991 1161 1171 1200 earum
1192 1141 1351 1201 lineas
1376 1155 1476 1200 tres
1513 1143 1570 1199 δε
1604 1144 1832 1201 totidem
1868 1143 2050 1203 baseos
2083 1144 2378 1203 dianienter

435 1254 724 1329 affequitur.
2322 1234 2325 1237 ’

582 1363 781 1418 Venter
808 1360 892 1417 scu
915 1375 1030 1436 pars
1047 1361 1227 1433 Hydrae
1244 1357 1403 1417 dorso
1418 1359 1665 1433 opposita
1678 1362 1724 1415 d.
1740 1377 1802 1415 ex
1823 1357 1968 1415 fusco
1989 1357 2199 1428 albicat,
2214 1362 2378 1432 atque

437 1469 709 1526 tentaculis
733 1467 1030 1543 cylindricis
1049 1492 1084 1524 e.
1114 1492 1152 1525 e.
1174 1491 1215 1525 e.
1235 1493 1272 1525 e.
1312 1468 1554 1542 undique
1591 1467 1789 1524 obfitus
1821 1465 1920 1534 est3
1964 1465 2227 1521 tentacula
2260 1463 2377 1523 haec

436 1591 589 1634 tanto
615 1594 841 1633 numero
867 1575 1084 1646 adsunt,
1126 1589 1185 1631 ut
1205 1577 1288 1634 vix
1312 1588 1474 1648 caput
1495 1592 1667 1649 parvae
1703 1572 1913 1630 aciculae
1946 1571 2080 1629 inter
2119 1591 2177 1628 ea
2213 1572 2374 1631 locari

433 1684 601 1761 poffit.
681 1685 950 1740 Diameter
974 1700 1158 1739 eorum
1181 1683 1372 1738 lineam
1399 1684 1485 1739 vix
1505 1683 1738 1750 excedit,
1778 1679 2068 1753 longitudo
2090 1697 2228 1743 vere,
2244 1698 2376 1754 qua·

433 1807 556 1849 tuor
592 1792 748 1848 lineas
790 1790 1212 1866 comprehendit.
1312 1789 1513 1845 Colore
1547 1788 1672 1846 albo
1706 1789 1906 1856 nitent,
1946 1799 2169 1862 excepto
2205 1789 2374 1860 apice,

435 1901 526 1976 qui
561 1895 729 1956 fuscus
771 1899 870 1968 est,
913 1909 1074 1973 atque
1111 1896 1369 1953 acetabuli
1405 1895 1631 1952 adinstar
1659 1893 1930 1950 formatus.
2011 1894 2139 1966 Ope
2173 1893 2373 1952 horum

431 2004 821 2064 tentaculorum
845 2009 1022 2075 Hydra
1052 2006 1105 2058 in
1131 2001 1303 2059 fundo
1337 2004 1489 2058 maris
1518 2019 1730 2058 morans
1762 2017 1956 2073 corpus
1997 2000 2149 2076 suum
2183 2001 2374 2074 firmat,

431 2134 500 2173 ne
524 2135 552 2171 a
582 2113 823 2187 procellis
846 2111 991 2168 facile
1030 2111 1364 2179 avelleretur,
1408 2110 1560 2183 quod
1603 2109 1722 2165 lane
1759 2126 1825 2164 eo
1855 2107 2177 2183 frequentius
2210 2108 2372 2181 fieret,

433 2242 553 2279 cuni
582 2221 748 2277 hocce
767 2220 1103 2296 Zoffhytorum
1124 2235 1289 2291 genus
1316 2220 1384 2273 ad
1405 2216 1583 2274 littora
1625 2218 1778 2273 maris
1815 2216 2049 2286 habitet,
2089 2217 2180 2272 ubi
2218 2235 2372 2293 aquae

432 2332 499 2388 ad
521 2330 602 2386 sex
625 2328 822 2404 pedum
847 2326 1173 2382 altitudinem
1198 2326 1282 2381 vix
1303 2324 1583 2379 elevantur.
1670 2325 1854 2397 Qare
1878 2322 2007 2379 illud
2024 2321 2198 2379 fundo
2222 2326 2374 2381 maris

432 2437 642 2493 firmiter
668 2436 942 2492 adbaerens
968 2451 1029 2488 ex
1054 2425 1249 2505 cymba
1274 2430 1474 2486 summa
1509 2448 1629 2486 cum
1654 2429 1986 2504 jucunditate
2019 2429 2151 2505 saepe
2189 2429 2372 2505 saepius

435 2531 695 2619 conspexi.
771 2543 823 2599 Si
846 2559 972 2599 vero
997 2538 1308 2611 ventralium
1345 2537 1737 2593 tentaculorum
1779 2553 1885 2610 ope
1920 2537 2026 2593 aliis
2060 2537 2374 2611 corporibus

436 2653 735 2722 adhaereat,
777 2650 970 2706 horum
994 2639 1130 2723 apex>
1150 2646 1406 2703 acetabuli
1432 2643 1662 2704 formam
1685 2642 1882 2711 habere
1907 2644 2102 2702 necesse
2131 2644 2230 2714 est,
2256 2660 2374 2700 non

434 2761 575 2816 secus
602 2762 806 2834 acstpiae
848 2758 1022 2813 Echini
1058 2756 1116 2812 &
1144 2732 1353 2827 'Asteriae
1388 2753 1654 2812 tentacula
1687 2755 1775 2809 sua
1808 2751 2105 2810 constructa
2149 2749 2370 2821 habent,

436 2868 628 2943 quibus
649 2866 1016 2942 quodcunque
1038 2862 1180 2921 aliud
1202 2879 1392 2937 corpus
1415 2858 1837 2935 apprehendunt.

2213 3072 2290 3129 Ex
