2513 3435
915 102 1013 161 DE
1063 102 1295 160 PENNA.
1978 130 2080 181 113

129 225 495 284 membranam
533 226 588 281 in
622 223 746 281 vivo
778 222 989 279 animali
1028 224 1316 299 quemdam
1351 224 1637 283 humorem
1673 228 1969 304 contineri,
2009 247 2084 291 at-

130 352 236 410 que
257 332 485 390 formam
509 331 672 387 totius
696 333 869 384 Pennae
898 330 1246 404 cylindricam
1285 330 1379 389 elle
1406 334 1630 408 opinor,
1672 332 1730 390 &
1768 336 1984 410 quidem
2015 357 2077 399 ex

128 458 226 510 e0,
270 439 423 514 quod
448 442 621 493 Pennae
639 419 793 492 7quae
816 435 920 493 ἃς.
942 451 1169 494 mortuae
1201 439 1258 494 &
1295 438 1555 498 exficcatae
1592 452 1808 498 truncus
1852 461 2074 520 quoque

126 547 270 604 aliter
305 543 665 619 configuratus
703 544 789 614 fit,
833 561 995 618 quam
1040 546 1096 602 in
1140 549 1310 599 Penna
1345 547 1464 603 viva
1503 545 1822 605 observetur.
1892 547 2075 627 ¹Facies

125 655 259 711 cutis
279 665 488 710 externa
513 651 696 723 paucis
720 650 923 726 papillis
950 653 1145 727 exiguis
1169 651 1482 710 rubentibus
1512 667 1767 711 exornata
1792 654 1891 711 est.'

379 757 430 814 T
433 757 670 814 entacula
697 770 944 813 truncum
971 759 1270 816 immediate
1300 759 1585 816 ambientia
1608 760 1649 815 b.
1685 776 1855 832 1310.
1890 779 2071 822 nume-

119 877 333 937 rantur,
355 876 533 939 ⁴atque
563 866 636 922 ita
663 862 926 936 Disposita
960 861 1110 936 sunt,
1156 878 1216 922 ut
1255 867 1352 922 tria
1389 866 1558 922 trunci
1592 866 1752 925 latera
1786 884 2068 943 occupent,

118 973 297 1031 relicto
328 971 558 1030 inferiori
592 996 630 1028 c.
663 970 844 1028 liber0.
929 973 995 1029 In
1024 971 1195 1030 varios
1231 986 1478 1047 praeterea
1515 974 1730 1033 ordines
1766 976 2066 1036 admodum

116 1081 374 1155 regulares
396 1077 570 1137 selecta
596 1079 877 1137 habentur.
921 1079 1164 1156 Qilibet
1184 1079 1329 1136 ordo
1355 1081 1425 1137 ab
1450 1082 1615 1138 altero
1644 1095 1876 1159 quatuor
1905 1084 2065 1144 lineas

117 1187 305 1251 distat,
357 1187 415 1242 δε
453 1186 691 1261 quinque
722 1186 988 1243 tentacula
1022 1187 1430 1261 comprehendit
1454 1231 1470 1258 ,
1531 1206 1652 1263 quae
1679 1193 1830 1265 juxta
1869 1190 2062 1250 lineam

75 1348 86 1351 ,
116 1295 392 1370 obliquam
431 1293 692 1352 collocata
725 1292 860 1351 sunt.
944 1294 1248 1371 Qodlibet
1289 1312 1416 1358 vero
1449 1297 1777 1357 tentaculum
1815 1311 2061 1374 quartam

115 1402 265 1461 lineae
289 1414 491 1478 partem
513 1402 581 1461 ab
604 1401 769 1457 altero
790 1414 1055 1458 remotum
1081 1403 1166 1459 est.

382 1509 576 1565 Forma
605 1506 967 1565 &substantia
1003 1506 1394 1567 tentaculorum
1432 1512 1617 1569 eadem
1651 1511 1756 1570 fere
1791 1513 1863 1572 est
1901 1533 1961 1572 ac
2004 1518 2056 1572 in
2072 1527 2220 1596 Figura
2248 1543 2288 1593 ς,

113 1616 282 1693 prima
305 1622 476 1672 Pennae
499 1614 698 1691 specie,
737 1616 986 1673 nimirum
1014 1634 1209 1693 corpus
1238 1635 1456 1692 eorum,
1499 1642 1546 1677 a.
1584 1621 1736 1696 quod
1772 1621 2057 1698 longitudi-

110 1740 180 1780 ne
199 1730 364 1785 unam
392 1723 583 1780 lineam
610 1741 732 1780 cum
756 1723 972 1781 dimidia
990 1769 1006 1796 ,
1051 1725 1109 1782 δε
1131 1725 1391 1783 diametro
1417 1727 1689 1787 dimidiam
1714 1727 1904 1786 lineam
1939 1749 2057 1789 non

109 1828 343 1901 excedit,
396 1830 747 1904 cylindricum
783 1831 885 1902 est,
933 1831 990 1888 &
1029 1846 1151 1889 cute
1189 1835 1425 1892 coriacea
1459 1835 1741 1912 praeditum
1754 1855 1771 1906 3
1823 1837 1878 1894 in
1914 1839 2061 1912 cujus

16 1951 21 1954 ·
111 1938 436 1996 extremitate
462 1937 586 1993 0610
622 1936 890 1994 filamenta
927 1940 1209 1997 albicantia
1246 1943 1287 1997 b.
1313 1944 1588 2016 paululum
1620 1944 1960 2018 prominent,
1999 1947 2057 2004 δε

111 2043 382 2104 exilissimis
407 2042 629 2103 officulis
653 2047 860 2103 munita
882 2045 1031 2119 sunt,
1069 2066 1190 2123 quae
1214 2048 1270 2106 in
1296 2050 1421 2110 data
1445 2053 1612 2129 figura
1642 2052 1907 2127 defignata
1939 2073 2058 2114 non

110 2151 405 2223 habentur,
448 2169 517 2207 ne
538 2154 929 2210 tentaculorum
946 2153 1117 2212 forma
1137 2156 1357 2213 obscura
1378 2157 1697 2216 redderetur.
1772 2160 1949 2218 Altera
1970 2182 2057 2220 ex-

109 2260 369 2316 tremitate
394 2257 478 2314 seu
501 2258 607 2315 bafi
628 2261 910 2332 quodlibet
937 2262 1265 2321 tentaculum
1283 2264 1392 2320 cuti
1416 2267 1586 2323 trunci
1622 2269 1942 2324 continuum
1968 2271 2052 2328 est.

105 2365 254 2424 Dico
280 2367 610 2436 continuum,
634 2366 759 2440 quia
780 2368 814 2423 fi
834 2387 1000 2426 unum
1025 2371 1315 2430 alterumve
1341 2391 1372 2428 a
1396 2385 1590 2430 trunco
1615 2376 1883 2448 avellatur,
1914 2396 2053 2452 quae-

109 2472 233 2530 dam
276 2477 381 2549 ejus
409 2473 595 2546 portio
630 2473 688 2530 in
734 2487 853 2532 cute
894 2491 1159 2550 remanet,
1211 2480 1675 2555 quemadmodum
1704 2485 1761 2540 in
1803 2488 2053 2560 portione

106 2582 280 2637 trunci
303 2581 450 2639 nuda
469 2585 516 2638 d.
549 2581 824 2639 observare
843 2584 943 2654 est3
986 2588 1043 2642 in
1069 2605 1173 2662 qua
1195 2589 1457 2647 nonnulla
1491 2591 1752 2649 tentacula
1778 2592 2049 2668 deficiunt,
2065 2592 2212 2660 thura
2232 2609 2280 2657 42

108 2688 166 2747 &
193 2707 381 2749 eorum
405 2688 667 2748 duntaxat
693 2690 900 2766 vestigia
924 2691 1213 2767 supersunt.

361 2796 632 2854 Differunt
653 2798 770 2857 haec
801 2802 1066 2860 tentacula
1099 2822 1129 2860 a
1152 2803 1561 2880 praecedentium
1584 2814 1861 2865 Pennarum
1885 2821 2048 2872 tenta-

112 2903 262 2975 culiS,
303 2905 456 2980 quod
481 2907 635 2963 etiam
656 2907 714 2965 in
734 2922 954 2966 mortuo
979 2910 1037 2966 &
1072 2912 1206 2971 ficco
1247 2914 1461 2971 animali
1506 2927 1622 2973 tota
1655 2916 1742 2974 sua
1776 2914 1945 2976 forma
1975 2937 2048 2976 re-

980 3016 1022 3073 P
1863 3039 1977 3083 ten-
