2513 3435
439 111 544 162 166
1196 99 1425 156 CAPUT
1455 97 1622 156 XII.

693 222 905 299 Qodsi
925 240 1050 281 vero
1081 223 1308 295 cuipiam
1332 223 1387 277 in
1412 219 1649 279 mentem
1675 224 1901 296 veniret,
1919 224 2036 282 illos
2059 221 2210 284 faetus
2237 237 2383 288 rnor-

435 343 563 388 tuos
587 328 758 403 fuisse,
797 334 921 406 quia
947 334 1000 387 in
1022 332 1195 387 littore
1218 329 1342 387 loco
1363 330 1498 388 ficco
1531 331 1734 388 inventi
1760 330 1908 403 sunt,
1924 333 2037 390 illos
2061 347 2268 406 autem,
2290 338 2386 412 qui

434 440 493 496 in
513 437 686 495 fundo
708 441 863 495 maris
895 439 1037 513 quafi
1063 436 1227 494 altero
1261 445 1418 495 'utero
1453 439 1641 503 latent,
1679 452 1835 497 motu
1871 440 2306 515 gaudere'poffe':
2345 444 2388 504 is

435 546 758 616 consideret,
801 563 1016 604 acervos
1042 547 1095 601 in
1118 545 1294 601 littore
1308 549 1540 623 jacentes
1563 549 1715 603 omni
1743 547 1885 604 fluxu
1914 551 2101 621 maris,
2143 549 2388 624 aqua-,al-

436 653 537 725 lui3
578 655 703 711 hinc
729 653 880 710 omni
921 652 1087 709 altero
1123 652 1207 709 sex
1247 653 1501 710 horarum
1534 652 1702 728 spatio
1728 655 1822 727 juli
1844 654 2148 732 ,quamdam
2183 657 2390 732 portio-

437 779 562 820 nem
604 763 815 819 marinae
848 761 1168 832 absorbent,
1224 780 1345 836 quae
1379 750 1636 818 sufficiens
1676 761 1808 818 mihi
1844 763 2078 834 videtur,
2120 763 2190 821 ad
2221 767 2386 823 vitam

436 869 635 926 horum
659 868 1097 927 animalculorum
1118 887 1208 945 per
1239 869 1382 926 aliud
1406 867 1489 927 [ex
1517 870 1773 927 horarum
1808 867 2059 944 spatium,
2104 887 2216 945 quo
2236 882 2388 930 nem·-

432 993 505 1053 pe
525 990 766 1056 tempore
791 997 934 1035 mare
959 998 989 1035 a
1017 979 1193 1034 littore
1223 978 1446 1049 recedit,
1491 976 1901 1037 sustentandam.

690 1087 868 1164 Qod
898 1098 1074 1142 autem
1108 1086 1208 1159 juli
1255 1105 1449 1162 aquam
1483 1088 1739 1143 marinam
1775 1085 2128 1157 absorbeant,
2168 1085 2386 1145 manife-

434 1194 568 1252 stum
608 1195 706 1252 est:
749 1212 869 1251 cum
909 1194 1079 1252 acervi
1115 1207 1253 1251 certe
1297 1214 1328 1251 a
1364 1195 1542 1252 Matre
1578 1194 1899 1251 minutissimi
1934 1192 2248 1259 reddantur,
2284 1194 2382 1269 qui

433 1301 626 1360 deinde
652 1304 704 1359 in
736 1320 987 1377 magnam
1029 1300 1326 1358 excrescunt
1367 1304 1583 1364 molem.
1664 1302 1841 1378 Qod
1875 1300 2022 1358 haud
2060 1300 2165 1357 fieri
2193 1301 2385 1378 posset,

432 1410 491 1467 ni
513 1411 824 1467 extrinsecus
849 1426 940 1484 per
966 1408 1331 1465 membranam
1347 1410 1586 1485 julorum
1625 1408 1827 1483 aliquid
1869 1408 2168 1479 accederet,
2207 1409 2386 1469 &ve-

432 1518 609 1576 siculas
636 1521 897 1575 continuo
919 1517 1149 1592 repleret.
1233 1516 1491 1575 Praeterea
1519 1516 1612 1574 alia
1641 1515 1831 1572 inseaa
1855 1517 2055 1573 marina
2081 1517 2135 1574 in
2158 1517 2385 1576 veficulis

433 1626 703 1703 glutinosis
728 1625 1021 1682 nidulantia
1042 1627 1202 1683 vitam
1237 1624 1295 1680 δε
1326 1637 1536 1681 motum
1575 1623 1850 1681 diutiffime
1886 1622 2227 1696 conservant,
2266 1625 2385 1683 licet

431 1733 578 1792 nulla
603 1753 742 1810 aqua
773 1734 974 1790 marina
1001 1732 1436 1808 conspergantur.
1513 1735 1596 1790 Ita
1615 1732 1672 1788 in
1707 1728 1814 1786 fuci
1846 1724 2041 1804 specie,
2084 1751 2206 1806 quae
2240 1744 2385 1809 quer-'-

435 1862 520 1899 cus
546 1853 795 1899 maritima
798 1843 1034 1912 filiorum
1058 1849 1291 1897 extremis
1315 1844 1516 1909 tumidis
1551 1859 1580 1897 a
1615 1839 2030 1896 Tommrfoano
2057 1839 2126 1894 (⁰)
2157 1839 2382 1914 appella-1

435 1960 550 2020 tur,
593 1948 956 2019 curculiones,
996 1949 1054 2004 ni
1072 1945 1255 2019 fallor,
1297 1948 1654 2021 deprehendi,
1696 1948 1871 2022 quiin
1892 1946 2119 2007 veficulis
2152 1945 2383 2005 humore

430 2055 632 2116 viscoso
660 2076 720 2113 ex
740 2056 891 2114 viridi
916 2056 1062 2113 luteo
1084 2053 1307 2113 infarclis
1342 2055 1458 2113 satis
1478 2056 1664 2112 hilares
1693 2057 2079 2125 movebantur,
2122 2053 2242 2110 licet
2265 2058 2381 2130 jam

433 2164 750 2222 duodecima
776 2164 884 2220 dies
913 2176 1181 2239 ageretur,
1223 2165 1378 2239 quod
1405 2185 1435 2222 a
1455 2165 1584 2220 mari
1611 2164 1803 2220 remoti
1829 2162 1999 2219 efl‘ent.
2058 2160 2381 2222 ·Nam‚cum

433 2292 496 2332 ex
517 2273 768 2330 Galliam
795 2273 1042 2347 Angliam
1063 2271 1428 2346 proficiscerer,
1458 2275 1511 2329 in
1537 2273 1711 2329 littore
1735 2289 1904 2347 prope
1929 2273 2092 2325 Calais
2115 2271 2252 2327 inter
2276 2290 2380 2329 cee-

429 2396 571 2439 teros
595 2381 745 2439 fucos
767 2382 926 2438 etiam
960 2381 1227 2455 quosdam
1258 2379 1491 2438 surculos
1513 2378 1744 2455 praefatae
1777 2398 1982 2456 qaercus
2006 2388 2261 2436 maritimae
2285 2379 2377 2438 de·

429 2491 615 2566 cerpfi,
659 2490 713 2545 <Sc
736 2508 840 2545 una
877 2506 1085 2545 mecum
1118 2489 1173 2544 in
1202 2486 1465 2564 marsupio
1496 2487 1814 2559 >Londinum
1849 2487 2047 2544 abstuli.
2133 2487 2244 2546 Ubi
2282 2488 2375 2547 de.

431 2615 581 2656 mum
611 2594 811 2653 decima
838 2597 906 2654 ab
945 2596 1178 2655 adventu
1211 2615 1335 2653 meo
1381 2598 1466 2655 die
1503 2614 1664 2652 unam
1703 2597 1882 2670 querci
1917 2613 2048 2652 meae
2079 2609 2376 2654 tumentem

434 2710 810 2762 extremitatem
836 2705 1142 2762 curiositatis
1168 2704 1319 2761 caula
1349 2705 1618 2776 aperiens,
1661 2704 1799 2761 dicta
1818 2704 2128 2761 animalcula
2155 2705 2378 2763 choreas

435 2812 627 2871 ducere
663 2811 925 2889 conspexi.
1006 2811 1169 2869 Unde
1215 2811 1453 2870 elucescit
1487 2813 1602 2872 solo
1643 2809 1840 2873 viscoso
1876 2811 2108 2888 liquore,
2150 2814 2203 2868 in
2243 2830 2377 2886 quo,

2148 2920 2304 2997 quod

574 3050 640 3104 (²)
671 3053 769 3095 vide
795 3023 886 3095 1JR.
904 3054 954 3095 H.
975 3048 1040 3095 foi.
1067 3054 1159 3106 556-
1181 3055 1235 3096 N.
1257 3064 1296 3107 4·
