2513 3435
166 416 315 483 Figura
343 426 361 460 1
371 449 385 465 .

424 67 468 120 'S
1016 100 1019 104 .
1266 51 1493 109 CAPUT
1536 51 1576 109 Ῑ.

437 192 540 237 tres
573 194 760 236 eorum
797 175 1303 233 circumvolutiones
1336 185 1622 252 apparent,
1661 187 1721 232 ut
1760 175 1870 252 Fig.
1911 195 2040 245 2.*a.
2088 180 2267 239 videre
2304 183 2391 241 est.

439 290 649 346 Omnes
693 285 1064 343 intestinorum
1106 282 1609 340 circumvolutiones
1646 282 1934 359 insequitur
1979 283 2144 361 hepar
2191 290 2390 365 pingue

439 395 782 465 viridescen3‚
804 395 861 465 f?
883 394 1045 448 cui-in
1068 392 1174 448 ima
1198 403 1347 466 parte
1381 373 1585 463 adjacet
1618 391 1784 450 viscus
1817 393 2100 468 quoddam
2137 397 2389 456 cordifor-

437 525 522 563 me
547 504 692 560 luteo
713 505 896 560 colore
917 500 1175 571 tinc'tum,
1205 497 1262 555 &
1282 497 1706 558 viridescentibus
1734 500 1858 560 vafis
1879 502 2185 561 instructum
2201 548 2219 577 ‚
2261 506 2394 565 infra

438 611 855 672 describendum.
2183 682 2188 686 ἡ

693 717 1007 775 Ventriculo
1027 718 1200 794 primo
1221 714 1775 793 superjacent-ganglia
1800 715 1914 774 duo
1945 715 2190 793 oblonga
2225 719 2390 778 rubra

442 826 826 903 appendicibus
850 826 1057 883 duabus
1077 825 1205 882 albis
1233 823 1469 899 praedita.
1480 846 1529 901 g.
1543 846 1591 902 g.
1619 843 1650 881 a
1680 825 1900 900 ganglio
1921 824 2117 884 sinistro
2148 828 2390 904 quinque

436 938 707 995 filamenta
731 935 909 991 teretia
935 932 1165 990 candida
1192 931 1317 989 huic
1339 934 1556 1008 ganglio
1581 933 1797 1015 propria
1827 933 2104 1005 oriuntur,
2148 951 2388 1009 quorum

441 1059 675 1122 quatuor
700 1044 743 1097 h.
774 1044 818 1098 h.
849 1042 897 1097 h.
923 1042 968 1099 h.
997 1039 1229 1116 amplam
1257 1041 1530 1098 ventriculi
1553 1053 1758 1113 partem
1782 1039 1866 1097 seu
1891 1039 2120 1098 fundum
2152 1044 2260 1116 ejus
2283 1059 2392 1098 am-

441 1152 717 1232 plectentia
748 1148 919 1208 versus
965 1148 1100 1205 latus
1132 1149 1367 1205 animalis
1411 1147 1664 1205 finistrum
1697 1152 1911 1224 ejusque
1958 1148 2176 1207 dorsum
2215 1166 2392 1208 excur-

439 1275 579 1321 runt.
621 1260 926 1336 Qintuma
945 1275 1073 1317 vero
1093 1265 1126 1313 i.
1151 1253 1323 1316 versus
1347 1256 1615 1330 superiora
1643 1256 1866 1315 tendens
1891 1255 2024 1315 infra
2049 1256 2389 1334 pharyngem

441 1369 692 1429 instritur.
2142 1358 2145 1360 ’

434 1541 436 1543 ,
697 1474 889 1531 Praerer
911 1474 1030 1531 haec
1055 1474 1150 1531 alia
1178 1473 1275 1529 tria
1302 1471 1568 1530 filamenta
1593 1474 1899 1530 communia
1932 1471 2000 1529 ab
2033 1471 2226 1529 eodem
2254 1490 2387 1549 gan-

441 1582 928 1662 glioprocedunt,
993 1600 1228 1656 quorum
1271 1580 1492 1637 alterum
1532 1581 1856 1638 transverfim
1898 1579 2069 1639 versus
2113 1581 2388 1656 ganglium

440 1692 683 1750 dextrum
705 1689 907 1759 tendit,
950 1688 1169 1746 alterum
1197 1687 1394 1744 sursum
1430 1687 1711 1746 ascendens
1751 1707 1872 1745 cum
1904 1688 2063 1743 tertio
2104 1689 2322 1763 ganglio
2352 1693 2387 1745 l-

436 1816 727 1858 commune
756 1798 1083 1852 filamenturn
1116 1796 1399 1853 constituit.
1477 1797 1719 1852 Tertium
1756 1797 1989 1870 denique
2021 1817 2081 1851 m.
2118 1814 2242 1852 cum
2280 1798 2386 1854 alio

439 1907 656 1983 ganglio
679 1918 822 1962 retro
847 1904 1196 1962 ventriculum
1231 1902 1327 1962 fito
1361 1904 1706 1960 conneclitur.
1789 1904 1931 1959 Cum
1972 1905 2153 1978 itaque
2201 1906 2386 1979 quoad

441 2016 702 2089 originem
727 2012 840 2069 duo
861 2012 1125 2069 filamenta
1164 2011 1383 2068 tandem
1424 2011 1477 2065 in
1518 2028 1686 2066 unum
1727 2009 2054 2081 coalescant,
2102 2024 2247 2086 patet
2277 2015 2386 2087 jam

441 2122 607 2192 tatio,
649 2139 739 2179 cur
760 2121 940 2194 priora
967 2121 1213 2193 propria,
1255 2118 1370 2174 haec
1391 2137 1518 2175 vero
1545 2120 1850 2175 communia
1880 2117 2117 2190 apellem.

694 2228 987 2303 Ganglium
1013 2227 1304 2283 ventriculo
1341 2226 1662 2300 superjacens
1706 2225 1948 2283 dextrum
1983 2239 2217 2301 quatuor
2253 2225 2388 2284 dun·
2428 2297 2430 2299 ‚

440 2350 584 2395 taxat
605 2338 871 2394 filamenta
894 2336 1135 2410 propria,
1175 2334 1232 2390 ὃ(
1254 2335 1351 2390 tria
1381 2335 1688 2391 communia
1718 2344 1974 2388 numerat.
2053 2333 2131 2389 Ex
2159 2334 2385 2409 propriis

442 2465 611 2503 unum
650 2469 696 2500 n„
723 2445 790 2501 ad
820 2446 951 2501 latus
976 2448 1148 2498 lernaeae
1173 2441 1416 2498 dextrum
1441 2438 1746 2510 reflectitur,
1787 2440 2006 2496 alterum
2031 2458 2084 2495 ot.
2120 2439 2214 2498 sub
2255 2440 2387 2516 pha-

440 2571 609 2630 rynge
634 2552 972 2619 recondit‘urg
1014 2549 1126 2606 duo
1151 2550 1246 2606 alia
1263 2569 1305 2628 p.
1320 2569 1365 2628 p.
1395 2551 1529 2605 inter
1559 2549 1905 2606 ventriculum
1944 2550 2173 2622 primum
2212 2549 2269 2604 &
2312 2547 2387 2606 se-

442 2662 683 2718 cundum
707 2657 1064 2729 collocantur,
1103 2671 1265 2732 atque
1291 2655 1425 2712 dorfi
1456 2658 1638 2730 parieti
1665 2659 1876 2713 interno
1898 2656 2209 2713 inseruntur.
2254 2657 2390 2715 Duo

441 2770 748 2826 communia
773 2767 1001 2826 eundem
1027 2785 1084 2826 ac
1107 2766 1280 2824 sinistri
1312 2764 1510 2840 ganglii
1531 2764 1800 2822 filamenta
1829 2762 1986 2821 finem
2012 2760 2232 2821 habent.
2278 2762 2280 2766 ’

2209 2978 2299 3036 Ad
