2513 3435
899 82 996 142 Dr.
1043 79 1339 141 Lemma.
2027 105 2102 163 27

147 312 258 469 In
285 306 463 365 medio
485 304 589 362 fere
611 308 786 361 lernaeae
810 204 1037 378 corposrse
1065 311 1310 366 ovarium
1343 308 1654 384 sphaericum
1689 320 1721 369 i.
1758 315 1966 375 cinereo
2015 337 2097 379 ru-

257 417 466 476 bescens
487 415 637 472 fitum
661 413 762 484 est,
803 413 956 488 quod
993 416 1303 475 membrana
1343 416 1635 476 tenuissima
1669 421 1928 494 pellucida
1966 429 2097 500 tegim

147 540 248 585 tur.
328 527 442 583 Hac
477 520 668 581 discissa
702 521 980 578 innumera
1011 522 1324 597 corpuscula
1351 524 1518 589 fusca,
1571 527 1848 604 oblonga,
1901 532 2092 605 liquori

146 633 471 696 viridescenti
493 632 791 689 innatantia
814 629 1023 688 diversae
1046 634 1424 708 magnitudinis
1442 649 1832 711 prorumpunt,
1860 655 2095 713 quorum

146 747 434 802 maximum
454 740 647 797 lineam
689 755 805 795 non
846 737 1077 808 excedit3
1121 741 1374 798 diameter
1417 760 1543 800 vero
1581 743 1747 800 ovarii
1778 744 1933 816 ipsius
1968 763 2098 818 qua-

148 865 272 910 tuor
293 851 451 907 lineas
477 847 741 922 adaequat.
825 845 912 902 Ab
940 847 1125 904 ovatio
1149 847 1447 905 canaliculi-s
1471 850 1643 906 tenuis
1672 850 1721 905 k.
1761 854 2003 927 quinque
2035 853 2094 908 li-

145 976 271 1016 neas
286 957 489 1032 longus
512 955 772 1025 exoritur,
815 954 907 1028 qui
933 955 1281 1011 transversum
1302 955 1454 1012 situm
1491 968 1678 1013 tenens
1716 959 1918 1033 angulo
1953 962 2096 1035 vagi-

147 1084 231 1124 nae
252 1077 411 1123 acuto
430 1061 773 1119 ‘inostulatun
847 1061 969 1135 Ejus
992 1059 1205 1119 insertio
1239 1065 1312 1119 ita
1337 1063 1626 1122 constituta
1647 1064 1745 1136 est,
1789 1079 1849 1122 ut
1871 1085 1933 1123 ex
1968 1085 2097 1125 ova-

150 1176 230 1230 rio
255 1175 310 1229 in
344 1173 592 1245 vaginam
630 1170 687 1226 &
725 1180 931 1224 uterum
967 1167 1222 1227 facilimus
1255 1184 1434 1246 pateat
1472 1172 1678 1243 aditus,
1720 1171 1846 1228 inde
1881 1192 2010 1231 vero
2042 1178 2098 1234 in

149 1281 389 1338 ovarium
424 1278 481 1334 &
517 1279 625 1351 ejus
656 1276 873 1334 ductum
910 1275 1100 1332 nullus.
1185 1275 1359 1352 Qod
1387 1278 1765 1351 jucundissimo
1804 1279 2100 1356 speciaculo

146 1386 382 1463 sequenti
402 1384 575 1443 modo
602 1395 845 1456 expertus
869 1384 981 1439 sum
996 1410 1014 1438 .·
1061 1383 1231 1458 digito
1256 1384 1435 1441 leniter
1467 1388 1708 1444 ovarium
1735 1387 1915 1460 preffi,
1959 1389 2015 1445 &
2042 1390 2101 1446 il-

147 1496 252 1552 lico
274 1493 422 1569 plura
448 1489 664 1567 praefata
688 1488 830 1546 fusca
860 1489 1170 1565 corpuscula
1201 1510 1263 1548 ex
1299 1509 1365 1548 eo
1400 1493 1456 1548 in
1493 1496 1742 1569 vaginam
1783 1496 1840 1552 &
1879 1497 2003 1555 inde
2043 1499 2100 1557 in

147 1601 279 1659 uteri
310 1599 546 1658 canalem
582 1598 897 1656 albicantem
933 1597 1344 1669 descenderunt,
1411 1602 1626 1677 ejusque
1661 1620 1827 1677 gyros
1861 1602 2098 1681 instque.

145 1709 358 1768 bantur.
467 1708 619 1764 Dum
655 1724 783 1765 vero
819 1706 1010 1779 aequali
1050 1707 1257 1763 ratione
1291 1720 1503 1765 uterum
1538 1728 1858 1785 premerem,
1901 1711 2098 1770 rediere

147 1814 365 1891 quidem
386 1814 570 1871 eadem
601 1812 910 1889 corpuscula
932 1813 985 1867 in
1022 1820 1297 1887 vaginam,
1339 1813 1427 1870 sed
1472 1834 1535 1871 ex
1565 1814 1670 1872 hac
1708 1818 1764 1872 in
1801 1819 1966 1875 ovarii
1999 1819 2095 1876 du-

144 1924 286 1980 &um
311 1921 453 1979 nulla
473 1921 523 1979 vi
546 1918 810 1994 adigenda
845 1932 1007 1975 erant.
1087 1919 1173 1976 Est
1207 1922 1388 1995 itaque
1421 1920 1610 1977 <lucius
1647 1924 1812 1981 ovarii
1855 1926 1912 1982 in
1953 1929 2098 2001 vagi-

141 2049 268 2088 nam
288 2028 499 2086 insertio
520 2045 638 2084 non
659 2025 903 2085 diffimilis
927 2026 1026 2101 illi,
1067 2047 1231 2104 quam
1255 2027 1371 2088 vasa
1399 2027 1560 2087 lactea
1592 2031 1649 2089 in
1678 2031 1931 2095 intestinis
1968 2052 2099 2110 qua-

145 2138 446 2213 drupedum
470 2136 689 2219 habent.

958 2287 1042 2392 ⁵35.
1103 2287 1265 2356 xv.

143 2450 526 2610 Explanatis
573 2450 811 2526 partibus
841 2451 1157 2526 genitalibus
1188 2451 1478 2528 foemininis
1516 2451 1798 2513 consuetus
1834 2456 1976 2514 ordo
2011 2474 2097 2517 ex-

283 2541 573 2634 ·oosteret,
614 2572 673 2614 ut
696 2560 852 2634 partis
875 2560 1113 2635 genitalis
1143 2559 1439 2618 masculinae
1466 2574 1693 2619 externae
1730 2561 1815 2619 stu
1834 2567 1982 2639 penis
2008 2567 2098 2623 de-

138 2666 405 2741 scriptioni
435 2685 520 2722 me
542 2667 784 2741 protinus
810 2669 1167 2742 accingerem:
1209 2687 1332 2724 cum
1362 2686 1488 2725 vero
1511 2683 1686 2742 partes
1709 2671 1962 2744 genitales
1986 2692 2096 2730 ma-

142 2774 348 2832 sculinae
399 2774 619 2830 internae
668 2791 790 2830 cum
826 2773 1116 2831 foemininis
1149 2788 1393 2831 mutuam
1426 2778 1971 2835 communicationem
2002 2779 2098 2837 ha-

140 2882 336 2954 beant,
379 2880 446 2938 de
471 2880 552 2938 his
573 2882 713 2955 prius
740 2883 899 2941 verba
920 2880 1090 2939 facere
1117 2899 1222 2955 pro
1248 2883 1528 2944 necessario
1547 2885 1807 2957 reputavi.
1881 2883 1981 2941 Hae
2005 2904 2098 2944 au-

1005 2990 1064 3046 D
1106 3009 1142 3047 2
1909 3004 2020 3053 tem
