2513 3435
450 109 560 166 v168
1202 97 1426 155 CAPUT
1491 95 1639 156 XII.

452 240 626 280 meam
648 221 1070 296 propositionem
1097 218 1332 296 pluribus
1354 218 1707 296 comprobare
1741 221 2019 297 exemplis,
2060 239 2185 284 cum
2223 233 2398 285 autem

452 330 646 404 longus
672 329 765 388 effe
785 330 980 400 nolim,
1021 343 1241 402 praetera
1261 328 1466 386 hancce
1487 331 1529 395 §.
1565 328 1688 394 ideo
1716 327 2056 393 stribendam
2085 347 2202 410 non
2239 330 2398 394 susce·-

452 439 648 512 perim,
690 457 750 495 ea
775 439 1168 518 argumentain
1193 436 1336 494 aliud
1368 451 1577 512 tempus
1616 440 1951 504 transmitt03
1991 455 2137 495 nunc
2172 457 2299 496 vero
2331 440 2403 499 ad

437 546 816 633 'propofitunn
871 561 1033 619 quare
1078 544 1189 602 hoc
1232 539 1445 603 axioma
1490 544 1775 603 universale
1817 543 1910 602 esse
1956 564 2180 621 negem,
2231 562 2402 608 unum

454 652 712 710 duntaxat
736 650 1019 709 adducam.

706 759 915 837 Eodem
961 759 1218 836 principio
1269 760 1541 817 instruclus
1581 761 1799 835 experiri
1825 761 2068 818 conabar
2101 751 2404 835 analogiam

454 870 591 927 inter
615 873 816 947 loliginis
843 869 898 926 δε
927 869 1220 927 volatilium
1242 886 1362 927 ova.
1441 868 1579 925 Hinc
1598 887 1754 944 aquae
1772 866 1990 929 ferventi
2014 866 2238 943 imposui
2255 868 2402 943 julos

452 977 664 1053 aliquot
701 976 910 1035 faetibus
943 980 1354 1051 impraegnat05‚
1424 979 1520 1051 qui
1554 978 1610 1034 in
1647 996 1707 1034 ea
1737 993 1832 1052 per
1866 976 2220 1053 quadrantem
2251 976 2403 1036 horae

452 1085 784 1142 ebullierunt.
884 1084 1075 1159 Elapso
1111 1084 1280 1141 hocce
1311 1084 1635 1143 ebullitionis
1669 1097 1912 1159 tempore
1959 1103 2051 1142 eos
2088 1084 2403 1157 examinavi,

451 1206 629 1250 utrum
656 1194 862 1268 liquor,
906 1194 988 1252 cui
1009 1192 1160 1249 faetus
1184 1195 1458 1264 innatant,
1501 1193 1656 1250 instar
1686 1191 1964 1251 albuminis
2006 1193 2097 1251 ovi
2129 1191 2401 1267 gallinacei

452 1314 546 1358 aut
571 1301 774 1359 alterius
797 1302 911 1360 avis·
927 1315 1208 1359 concretus
1226 1301 1312 1372 fit,
1356 1303 1449 1376 qui
1480 1315 1657 1357 autem
1683 1300 1870 1358 fluidus
1897 1314 1958 1358 ut
1980 1313 2103 1357 ante
2124 1298 2239 1373 fuit.
2280 1299 2403 1359 Hoc

448 1410 521 1466 ita
557 1409 869 1480 observato,
910 1409 1202 1483 opinabar,
1258 1409 1413 1484 quod
1445 1408 1651 1466 fortaffe
1691 1411 1857 1483 majus
1891 1408 2143 1482 temporis
2177 1407 2401 1483 spatium

448 1518 795 1592 requireretur
819 1515 888 1573 ad
919 1516 1183 1591 liquorem
1219 1516 1427 1574 huncce
1456 1516 1902 1574 consolitandum.
1983 1514 2146 1572 Unde
2179 1514 2399 1574 eosdem

445 1624 584 1697 julos
605 1642 695 1699 per
721 1624 851 1682 alios
876 1639 976 1682 tres
1001 1623 1323 1699 quadrantes
1344 1623 1497 1681 horae
1524 1623 1737 1687 ebullire
1759 1623 1853 1681 feci
1870 1667 1887 1694 ‚
1929 1623 2017 1681 Ast
2041 1622 2221 1697 elapso
2239 1624 2398 1681 etiam

450 1733 559 1791 hoc
591 1735 842 1809 temporis
879 1733 1048 1806 spatio
1089 1734 1350 1809 liquorem
1382 1734 1722 1791 immutatum
1756 1730 2017 1807 conspexi.
2097 1732 2219 1790 Hoc
2252 1750 2400 1805 vere,

452 1842 605 1918 quod
629 1843 845 1898 minime
866 1842 1126 1918 praeterire
1148 1838 1353 1918 poffum¹
1369 1886 1386 1913 ,
1428 1841 1586 1909 etiam
1604 1841 1784 1915 primo
1809 1840 2131 1898 ebullitionis
2155 1832 2400 1915 temp0re

448 1946 750 2020 observavi,
793 1948 947 2023 quod
969 1961 1213 2007 natantes
1236 1951 1291 2006 in
1317 1950 1408 2006 ovi
1432 1951 1640 2024 liquore
1673 1950 1877 2024 lolg'gines
1910 1947 1967 2002 in
2001 1946 2284 2021 globulum
2308 1946 2395 2024 fig.

453 2073 499 2129 ς.
540 2059 728 2133 partim
774 2073 1035 2132 opacum,
1086 2060 1280 2130 partim
1312 2057 1629 2115 albicantem
1664 2068 2028 2113 transmutatae
2063 2055 2290 2127 fuerint,
2329 2057 2398 2114 ‘in

449 2167 562 2243 q'uo
588 2163 812 2223 obstura
833 2165 1128 2224 animalculi
1155 2165 1365 2239 vestigia
1397 2166 1706 2231 restiterunt.
1778 2165 1867 2220 An
1905 2163 2083 2238 itaque
2118 2165 2207 2221 hic
2239 2177 2395 2249 natu-

448 2292 563 2332 ram
586 2270 914 2331 uniformiter
939 2276 1146 2348 operari
1178 2276 1296 2350 quis
1336 2273 1520 2335 dicet?
1559 2274 1631 2330 ita
1665 2270 1785 2328 sane
1819 2289 1922 2348 ego
1957 2289 2297 2348 quaecunque
2333 2274 2392 2330 in

446 2384 643 2456 pignus
667 2379 936 2446 dedissem,
977 2395 1293 2439 contentum
1322 2383 1378 2438 in
1400 2380 1627 2439 veficulis
1657 2381 1919 2455 liquorem
1949 2381 2292 2456 coagulatum
2315 2380 2390 2437 iri.

491 2486 598 2548 Sed
621 2490 861 2548 instituto
885 2485 1249 2563 experimento
1273 2487 1650 2557 edo&us‘sum‚
1703 2506 1866 2562 quam
1899 2484 2018 2545 falsa
2045 2488 2196 2546 fuerit
2232 2488 2352 2562 opi-

741 2599 835 2656 nio
865 2617 1014 2672 mea,
1056 2598 1114 2658 &
1149 2613 1314 2675 quarn
1346 2599 1489 2655 varia
1521 2599 1578 2657 fit
1612 2598 1670 2655 in
1700 2597 2099 2671 operationibus

1264 2705 1364 2768 suis
1386 2715 1591 2766 natura.

2076 3037 2121 3102 ς.
2162 3025 2313 3087 X1v.
