2513 3435
910 121 1003 179 Da
1068 120 1363 180 Lintuma·
2034 149 2113 203 τις

415 244 639 321 Vagina,
664 243 806 313 cujus
832 238 1091 330 orificium
1120 241 1204 299 seu
1232 243 1387 301 vulva
1413 263 1457 299 a.
1493 244 1548 300 in
1570 243 1729 302 latere
1754 245 1942 304 dextro
1969 266 2110 311 extra
2159 275 2241 345 ffg,
2270 292 2312 338 9·

161 370 356 430 corpus
384 356 558 407 lernaeae
587 361 763 423 patet,
806 347 943 403 intra
973 349 1204 421 ejusdem
1232 367 1422 425 corpus
1448 351 1502 407 in
1527 353 1782 427 angulum
1818 370 2030 413 acutum
2067 362 2108 416 h.

160 473 432 524 curvatur,
477 459 600 517 dein
621 475 748 514 vero
771 457 827 512 in
849 455 1036 512 lineam
1065 458 1256 514 reelan:
1283 480 1322 512 c.
1349 457 1557 515 extensa
1579 461 1741 534 paulo
1769 475 1892 519 ante
1917 464 1966 519 in
1975 465 2109 538 gress

159 569 270 628 sum
291 572 347 628 in
368 580 573 627 uterum
595 563 842 638 angulam
870 562 1119 620 obtusum
1143 567 1190 622 d.
1215 561 1452 622 eformat.
1537 567 1742 643 Magna
1765 587 1826 626 ex
1851 585 1994 643 parte
2024 590 2108 628 ru-

162 677 321 755 gosa,
340 677 424 735 ,δε
447 674 593 734 variis
622 669 852 729 incisuris
881 670 950 728 ad
976 689 1225 730 normam
1251 696 1401 730 erucae
1425 676 1665 733 instructa
1692 676 1777 732 est.
1858 678 1945 734 Ab
1971 678 2108 734 orifi-

162 788 247 844 cio
290 797 508 845 externo
548 780 616 838 ad
646 779 924 855 ingreffum
969 781 1100 836 uteri
1143 798 1312 856 usque
1354 785 1581 856 exceptis
1619 783 1823 857 angulis
1861 784 2107 856 pollicem

160 912 330 951 unum
351 890 686 969 longitudine
713 888 994 962 adaequat,
1033 899 1135 944 tres
1155 888 1314 946 lineas
1342 907 1468 947 vero
1491 893 1721 947 maxima
1745 895 1852 967 ejus
1877 892 2106 950 latitudo

160 1001 456 1078 assequitur,
538 996 740 1054 Colore
761 998 951 1072 partim
975 997 1123 1053 luteo
1148 997 1341 1072 partim
1365 997 1532 1054 rubro
1568 997 1820 1074 superbit,
1864 1018 1986 1073 quae
2014 1018 2107 1057 co·

162 1110 336 1167 lorum
363 1098 577 1164 varietas
598 1124 627 1162 a
656 1105 944 1162 diversitate
979 1103 1279 1162 substantiae
1311 1105 1592 1182 dependet.
1671 1108 1931 1164 Medietas
1965 1110 2107 1165 enim

161 1218 369 1292 vaginae
409 1216 548 1270 lutea
571 1213 879 1270 membrana
900 1211 1082 1285 cratia,
1124 1211 1280 1284 forti,
1325 1214 1466 1269 intus
1491 1213 1546 1268 &
1567 1228 1710 1272 extra
1746 1215 1842 1273 levi
1876 1215 2106 1271 constat:

162 1324 318 1381 altera
338 1314 465 1379 vero
494 1321 744 1378 medietas
764 1344 803 1377 e.
828 1322 1016 1393 rubra,
1056 1322 1275 1380 carnosa
1301 1324 1355 1380 ἃ
1395 1321 1705 1397 glandulola
1743 1323 1839 1392 est3
1883 1335 2109 1396 utraque

162 1431 279 1488 haec
297 1428 580 1487 substantia
603 1428 896 1485 strifflffime
917 1427 973 1485 δε
996 1431 1188 1486 mirum
1232 1431 1285 1485 in
1318 1429 1545 1486 modum
1579 1432 1711 1486 inter
1741 1428 1791 1486 {e
1828 1432 2108 1487 intertexta

162 1539 261 1609 est,
303 1536 581 1612 granulosa
607 1550 842 1594 attamen
863 1536 1231 1612 glandularum
1256 1536 1430 1593 forma
1453 1556 1483 1594 a
1506 1538 1648 1595 seclo
1683 1536 1933 1595 fibrarum
1973 1533 2110 1594 musi

162 1644 413 1703 cularium
463 1646 627 1702 traclu
660 1644 794 1702 facili
827 1647 1050 1720 negotio
1085 1644 1426 1721 dignoscitur,
1517 1646 1698 1720 Atque
1737 1646 1855 1702 haec
1902 1648 2108 1721 elegans

163 1751 532 1828 glandularum
555 1772 676 1809 cum
709 1753 906 1808 carneis
939 1751 1081 1809 fibris
1117 1764 1323 1808 textura
1363 1751 1422 1807 ἃ
1453 1752 1616 1809 veluti
1648 1754 2017 1827 incorporatio
2053 1756 2109 1811 in

88 1835 100 1841 ’Δ
162 1858 312 1915 caula
350 1860 446 1918 est:
505 1859 658 1935 quod
705 1859 820 1916 haec
860 1861 1064 1934 vaginae
1107 1859 1356 1916 medietas
1398 1858 1831 1934 semper'rugosa
1878 1873 2108 1933 maneat,

107 1966 110 1968 ’
163 1967 359 2024 etiamsi
382 1970 569 2042 vagina
592 1966 920 2023 extendatur.
1004 1967 1103 2023 Hic
1128 1946 1273 2023 fateri
1298 1967 1555 2023 necessum
1579 1968 1677 2038 est,
1721 1968 1874 2042 quod
1899 1969 1990 2026 diu
2014 1969 2108 2025 ha-

161 2074 421 2132 lucinatus
443 2074 656 2147 fuerim,
698 2074 955 2148 quidnam
991 2075 1198 2151 elegans
1247 2075 1423 2131 haecce
1458 2094 1576 2150 pars
1615 2076 1671 2132 &
1706 2077 1830 2133 huic
1861 2076 2108 2151 adjacens

164 2180 326 2240 viscus
349 2185 570 2257 proprie
586 2180 739 2239 effe-t?
781 2182 1001 2238 tandem
1027 2184 1295 2238 attentiori
1328 2184 1510 2238 animo
1538 2201 1704 2240 omne
1736 2196 1794 2239 ut
1831 2184 1903 2238 ita
1939 2183 2109 2240 dicam

162 2293 338 2344 lernaeae
360 2289 615 2364 punctum
646 2287 960 2347 extrinsecus
1007 2288 1338 2346 considerans
1370 2291 1642 2365 inopinate
1676 2290 1730 2345 in
1764 2288 2004 2347 foramen
2038 2291 2107 2348 ad

130 2397 543 2470 „extremitatem
568 2396 689 2453 sulci
718 2394 1019 2453 inferiorern
1041 2400 1193 2455 fitum
1221 2397 1404 2468 incidi,
1446 2417 1559 2473 quo
1584 2397 1792 2463 detecto
1817 2398 2008 2474 stylum
2034 2396 2107 2454 sat

162 2501 355 2561 fortem
380 2506 434 2561 in
460 2505 585 2562 illud
610 2504 793 2579 adegi3
838 2504 928 2578 qui
951 2503 1093 2561 nulla
1117 2504 1303 2561 adhita
1336 2507 1386 2563 vi
1417 2520 1599 2562 totum
1632 2508 1837 2582 vaginae
1882 2506 2104 2562 tractum

163 2611 424 2683 tranfivit,
479 2611 536 2668 δί
577 2615 882 2687 portionem
926 2611 1209 2687 adjacentis
1252 2614 1452 2670 visceris
1480 2632 1709 2693 *quoque
1742 2613 1986 2687 ingreffus
2018 2614 2102 2670 est.

162 2717 283 2774 Hoc
306 2737 423 2775 cum
459 2719 533 2776 ita
562 2720 669 2777 fieri
707 2737 1000 2791 cernerem,
1040 2722 1242 2795 absque
1277 2722 1506 2777 ulteriori
1550 2721 1871 2779 haefitatione
1904 2720 2098 2777 dicium

164 2825 325 2882 viscus
350 2826 501 2900 quod
539 2828 661 2884 alias
705 2844 925 2884 erronee
958 2845 1057 2902 pro
1090 2827 1306 2884 cerebro
1352 2829 1547 2901 habui,
1591 2842 1826 2898 uterum,
1865 2828 2098 2884 canalem

33 3002 42 3010 ι
160 2949 317 3005 ver0,
370 2935 460 3009 qui
486 2934 622 3010 stylo
652 2932 855 2991 facilem
874 2935 1147 3008 ingrestum
1170 2936 1427 3008 praebuit,
1459 2939 1703 3011 vaginam
1728 2935 1819 2991 effe
1845 2934 2093 3008 cognovi.

1068 3042 1126 3101 D
1795 3047 1838 3110 §-
1879 3039 2026 3102 ΧΙΙΙ.
