<?xml version="1.0" encoding="UTF-8"?>
<!DOCTYPE html PUBLIC "-//W3C//DTD XHTML 1.0 Transitional//EN"
    "http://www.w3.org/TR/xhtml1/DTD/xhtml1-transitional.dtd">
<html xmlns="http://www.w3.org/1999/xhtml" xml:lang="en" lang="en">
 <head>
  <title>
</title>
<meta http-equiv="Content-Type" content="text/html;charset=utf-8" />
  <meta name='ocr-system' content='tesseract 3.04.00' />
  <meta name='ocr-capabilities' content='ocr_page ocr_carea ocr_par ocr_line ocrx_word'/>
</head>
<body>
  <div class='ocr_page' id='page_1' title='image "./dequibusdamanima00boh_0019.png"; bbox 0 0 2513 3435; ppageno 0'>
   <div class='ocr_carea' id='block_1_1' title="bbox 30 645 2359 3084">
    <p class='ocr_par' dir='ltr' id='par_1_1' title="bbox 114 645 2354 1027">
     <span class='ocr_line' id='line_1_1' title="bbox 116 645 2350 742; baseline -0.005 -11"><span class='ocrx_word' id='word_1_1' title='bbox 116 679 266 731; x_wconf 88' lang='lat' dir='ltr'><strong>tum</strong></span> <span class='ocrx_word' id='word_1_2' title='bbox 325 651 551 736; x_wconf 67' lang='lat' dir='ltr'><strong>fuiss&#39;e,</strong></span> <span class='ocrx_word' id='word_1_3' title='bbox 603 650 722 742; x_wconf 89' lang='lat' dir='ltr'><strong>qui</strong></span> <span class='ocrx_word' id='word_1_4' title='bbox 761 670 973 718; x_wconf 92' lang='lat' dir='ltr'><strong>ovum</strong></span> <span class='ocrx_word' id='word_1_5' title='bbox 1013 649 1200 737; x_wconf 73' lang='lat' dir='ltr'><strong>Rajae</strong></span> <span class='ocrx_word' id='word_1_6' title='bbox 1242 646 1315 702; x_wconf 73' lang='grc'><strong>(’)</strong></span> <span class='ocrx_word' id='word_1_7' title='bbox 1369 645 1732 732; x_wconf 80' lang='lat' dir='ltr'><strong>exhibens,</strong></span> <span class='ocrx_word' id='word_1_8' title='bbox 1780 649 1853 717; x_wconf 90' lang='lat' dir='ltr'><strong>id</strong></span> <span class='ocrx_word' id='word_1_9' title='bbox 1899 669 2176 740; x_wconf 88' lang='lat' dir='ltr'><strong>quoque</strong></span> <span class='ocrx_word' id='word_1_10' title='bbox 2233 651 2350 720; x_wconf 87' lang='lat' dir='ltr'><strong>sub</strong></span> 
     </span>
     <span class='ocr_line' id='line_1_2' title="bbox 118 742 2352 836; baseline -0.004 -13"><span class='ocrx_word' id='word_1_11' title='bbox 118 753 401 824; x_wconf 89' lang='lat' dir='ltr'><strong>nomine</strong></span> <span class='ocrx_word' id='word_1_12' title='bbox 439 745 623 832; x_wconf 71' lang='lat' dir='ltr'><strong>Rajae</strong></span> <span class='ocrx_word' id='word_1_13' title='bbox 650 745 976 835; x_wconf 91' lang='lat' dir='ltr'><strong>generico</strong></span> <span class='ocrx_word' id='word_1_14' title='bbox 1013 742 1344 812; x_wconf 79' lang='lat' dir='ltr'><strong>describit.</strong></span> <span class='ocrx_word' id='word_1_15' title='bbox 1415 742 1492 808; x_wconf 93' lang='lat' dir='ltr'><strong>In</strong></span> <span class='ocrx_word' id='word_1_16' title='bbox 1526 764 1610 811; x_wconf 93' lang='lat' dir='ltr'><strong>eo</strong></span> <span class='ocrx_word' id='word_1_17' title='bbox 1648 762 1879 812; x_wconf 90' lang='lat' dir='ltr'><strong>tamen</strong></span> <span class='ocrx_word' id='word_1_18' title='bbox 1915 745 2154 813; x_wconf 84' lang='lat' dir='ltr'><strong>melius</strong></span> <span class='ocrx_word' id='word_1_19' title='bbox 2189 749 2352 836; x_wconf 88' lang='lat' dir='ltr'><strong>egit,</strong></span> 
     </span>
     <span class='ocr_line' id='line_1_3' title="bbox 114 836 2354 939; baseline -0.003 -26"><span class='ocrx_word' id='word_1_20' title='bbox 114 846 308 939; x_wconf 86' lang='lat' dir='ltr'><strong>quod</strong></span> <span class='ocrx_word' id='word_1_21' title='bbox 349 844 639 932; x_wconf 89' lang='lat' dir='ltr'><strong>figuram</strong></span> <span class='ocrx_word' id='word_1_22' title='bbox 678 838 981 926; x_wconf 76' lang='lat' dir='ltr'><strong>,ejusdem</strong></span> <span class='ocrx_word' id='word_1_23' title='bbox 1010 838 1196 925; x_wconf 73' lang='lat' dir='ltr'><strong>RaJae</strong></span> <span class='ocrx_word' id='word_1_24' title='bbox 1235 836 1537 919; x_wconf 78' lang='lat' dir='ltr'><strong>dederit,</strong></span> <span class='ocrx_word' id='word_1_25' title='bbox 1588 839 1775 928; x_wconf 89' lang='lat' dir='ltr'><strong>cujus</strong></span> <span class='ocrx_word' id='word_1_26' title='bbox 1810 839 2122 908; x_wconf 89' lang='lat' dir='ltr'><strong>ovarium</strong></span> <span class='ocrx_word' id='word_1_27' title='bbox 2161 838 2354 908; x_wconf 86' lang='lat' dir='ltr'><strong>brevi</strong></span> 
     </span>
     <span class='ocr_line' id='line_1_4' title="bbox 115 933 944 1027; baseline -0.01 -18"><span class='ocrx_word' id='word_1_28' title='bbox 115 938 566 1027; x_wconf 81' lang='lat' dir='ltr'><strong>descriptione</strong></span> <span class='ocrx_word' id='word_1_29' title='bbox 600 933 944 1019; x_wconf 80' lang='lat' dir='ltr'><strong>explicuit.</strong></span> 
     </span>
    </p>

    <p class='ocr_par' dir='ltr' id='par_1_2' title="bbox 30 1023 2359 2893">
     <span class='ocr_line' id='line_1_5' title="bbox 377 1023 2355 1118; baseline -0.001 -21"><span class='ocrx_word' id='word_1_30' title='bbox 377 1031 604 1118; x_wconf 85' lang='lat' dir='ltr'><strong>Atque</strong></span> <span class='ocrx_word' id='word_1_31' title='bbox 639 1026 777 1093; x_wconf 81' lang='lat' dir='ltr'><strong>haec</strong></span> <span class='ocrx_word' id='word_1_32' title='bbox 807 1025 998 1109; x_wconf 84' lang='lat' dir='ltr'><strong>sunt,</strong></span> <span class='ocrx_word' id='word_1_33' title='bbox 1051 1048 1195 1117; x_wconf 69' lang='lat' dir='ltr'><strong>quat</strong></span> <span class='ocrx_word' id='word_1_34' title='bbox 1222 1023 1510 1094; x_wconf 55' lang='lat' dir='ltr'><strong>Audori</strong></span> <span class='ocrx_word' id='word_1_35' title='bbox 1546 1024 1982 1095; x_wconf 83' lang='lat' dir='ltr'><strong>Bibliothecae</strong></span> <span class='ocrx_word' id='word_1_36' title='bbox 2018 1028 2355 1116; x_wconf 87' lang='lat' dir='ltr'><strong>impartia-</strong></span> 
     </span>
     <span class='ocr_line' id='line_1_6' title="bbox 112 1118 2355 1210; baseline -0.003 -17"><span class='ocrx_word' id='word_1_37' title='bbox 112 1127 197 1193; x_wconf 84' lang='lat' dir='ltr'><strong>lis</strong></span> <span class='ocrx_word' id='word_1_38' title='bbox 226 1121 695 1210; x_wconf 88' lang='lat' dir='ltr'><strong>respondenda</strong></span> <span class='ocrx_word' id='word_1_39' title='bbox 730 1118 854 1187; x_wconf 82' lang='lat' dir='ltr'><strong>effe</strong></span> <span class='ocrx_word' id='word_1_40' title='bbox 891 1120 1118 1208; x_wconf 84' lang='lat' dir='ltr'><strong>saepius</strong></span> <span class='ocrx_word' id='word_1_41' title='bbox 1152 1141 1421 1187; x_wconf 91' lang='lat' dir='ltr'><strong>mecum</strong></span> <span class='ocrx_word' id='word_1_42' title='bbox 1449 1122 1932 1210; x_wconf 80' lang='lat' dir='ltr'><strong>cogitaveram.</strong></span> <span class='ocrx_word' id='word_1_43' title='bbox 2028 1120 2162 1189; x_wconf 86' lang='lat' dir='ltr'><strong>Sed</strong></span> <span class='ocrx_word' id='word_1_44' title='bbox 2190 1122 2355 1188; x_wconf 89' lang='lat' dir='ltr'><strong>dum</strong></span> 
     </span>
     <span class='ocr_line' id='line_1_7' title="bbox 116 1211 2356 1309; baseline -0.002 -23"><span class='ocrx_word' id='word_1_45' title='bbox 116 1219 321 1309; x_wconf 89' lang='lat' dir='ltr'><strong>paulo</strong></span> <span class='ocrx_word' id='word_1_46' title='bbox 352 1215 683 1283; x_wconf 87' lang='lat' dir='ltr'><strong>maturius</strong></span> <span class='ocrx_word' id='word_1_47' title='bbox 713 1215 1206 1302; x_wconf 85' lang='lat' dir='ltr'><strong>perpenderem</strong></span> <span class='ocrx_word' id='word_1_48' title='bbox 1241 1211 1730 1301; x_wconf 86' lang='lat' dir='ltr'><strong>Philosophum</strong></span> <span class='ocrx_word' id='word_1_49' title='bbox 1762 1236 1908 1283; x_wconf 91' lang='lat' dir='ltr'><strong>non</strong></span> <span class='ocrx_word' id='word_1_50' title='bbox 1952 1215 2228 1295; x_wconf 80' lang='lat' dir='ltr'><strong>decere,</strong></span> <span class='ocrx_word' id='word_1_51' title='bbox 2280 1230 2356 1281; x_wconf 90' lang='lat' dir='ltr'><strong>ut</strong></span> 
     </span>
     <span class='ocr_line' id='line_1_8' title="bbox 114 1305 2357 1399; baseline -0.003 -18"><span class='ocrx_word' id='word_1_52' title='bbox 114 1312 548 1381; x_wconf 73' lang='lat' dir='ltr'><strong>Advocatum</strong></span> <span class='ocrx_word' id='word_1_53' title='bbox 583 1324 778 1398; x_wconf 88' lang='lat' dir='ltr'><strong>agat,</strong></span> <span class='ocrx_word' id='word_1_54' title='bbox 830 1329 870 1376; x_wconf 90' lang='lat' dir='ltr'><strong>a</strong></span> <span class='ocrx_word' id='word_1_55' title='bbox 898 1307 1211 1376; x_wconf 84' lang='lat' dir='ltr'><strong>levidensi</strong></span> <span class='ocrx_word' id='word_1_56' title='bbox 1238 1305 1367 1375; x_wconf 93' lang='lat' dir='ltr'><strong>hac</strong></span> <span class='ocrx_word' id='word_1_57' title='bbox 1396 1309 1810 1398; x_wconf 77' lang='lat' dir='ltr'><strong>purgatione</strong></span> <span class='ocrx_word' id='word_1_58' title='bbox 1838 1309 2102 1389; x_wconf 86' lang='lat' dir='ltr'><strong>destiti,</strong></span> <span class='ocrx_word' id='word_1_59' title='bbox 2153 1326 2357 1399; x_wconf 88' lang='lat' dir='ltr'><strong>atque</strong></span> 
     </span>
     <span class='ocr_line' id='line_1_9' title="bbox 115 1400 2359 1495; baseline -0.002 -22"><span class='ocrx_word' id='word_1_60' title='bbox 115 1406 335 1495; x_wconf 81' lang='lat' dir='ltr'><strong>magis</strong></span> <span class='ocrx_word' id='word_1_61' title='bbox 381 1420 843 1491; x_wconf 83' lang='lat' dir='ltr'><strong>opportunam</strong></span> <span class='ocrx_word' id='word_1_62' title='bbox 883 1403 991 1469; x_wconf 88' lang='lat' dir='ltr'><strong>vel</strong></span> <span class='ocrx_word' id='word_1_63' title='bbox 1036 1400 1420 1492; x_wconf 78' lang='lat' dir='ltr'><strong>aggressum</strong></span> <span class='ocrx_word' id='word_1_64' title='bbox 1466 1403 1957 1491; x_wconf 88' lang='lat' dir='ltr'><strong>impugnandi,</strong></span> <span class='ocrx_word' id='word_1_65' title='bbox 2021 1402 2130 1470; x_wconf 92' lang='lat' dir='ltr'><strong>vel</strong></span> <span class='ocrx_word' id='word_1_66' title='bbox 2178 1423 2359 1469; x_wconf 89' lang='lat' dir='ltr'><strong>erro-</strong></span> 
     </span>
     <span class='ocr_line' id='line_1_10' title="bbox 113 1494 2359 1585; baseline -0.002 -17"><span class='ocrx_word' id='word_1_67' title='bbox 113 1520 262 1568; x_wconf 81' lang='lat' dir='ltr'><strong>rem</strong></span> <span class='ocrx_word' id='word_1_68' title='bbox 292 1495 664 1564; x_wconf 88' lang='lat' dir='ltr'><strong>confitendi</strong></span> <span class='ocrx_word' id='word_1_69' title='bbox 697 1495 1113 1563; x_wconf 86' lang='lat' dir='ltr'><strong>occafionem</strong></span> <span class='ocrx_word' id='word_1_70' title='bbox 1141 1496 1478 1582; x_wconf 88' lang='lat' dir='ltr'><strong>patienter</strong></span> <span class='ocrx_word' id='word_1_71' title='bbox 1508 1494 1870 1583; x_wconf 64' lang='lat' dir='ltr'><strong>expectavi.</strong></span> <span class='ocrx_word' id='word_1_72' title='bbox 1922 1494 2009 1562; x_wconf 88' lang='lat' dir='ltr'><strong>Et</strong></span> <span class='ocrx_word' id='word_1_73' title='bbox 2035 1517 2120 1562; x_wconf 90' lang='lat' dir='ltr'><strong>en</strong></span> <span class='ocrx_word' id='word_1_74' title='bbox 2155 1516 2359 1585; x_wconf 86' lang='lat' dir='ltr'><strong>quam</strong></span> 
     </span>
     <span class='ocr_line' id='line_1_11' title="bbox 115 1586 2354 1678; baseline -0 -18"><span class='ocrx_word' id='word_1_75' title='bbox 115 1592 324 1661; x_wconf 84' lang='lat' dir='ltr'><strong>Pallas</strong></span> <span class='ocrx_word' id='word_1_76' title='bbox 355 1611 476 1678; x_wconf 91' lang='lat' dir='ltr'><strong>per</strong></span> <span class='ocrx_word' id='word_1_77' title='bbox 512 1590 738 1677; x_wconf 85' lang='lat' dir='ltr'><strong>plures</strong></span> <span class='ocrx_word' id='word_1_78' title='bbox 773 1610 990 1656; x_wconf 83' lang='lat' dir='ltr'><strong>annos</strong></span> <span class='ocrx_word' id='word_1_79' title='bbox 1023 1589 1392 1678; x_wconf 82' lang='lat' dir='ltr'><strong>denegavit</strong></span> <span class='ocrx_word' id='word_1_80' title='bbox 1412 1642 1432 1668; x_wconf 89' lang='lat'><strong>,</strong></span> <span class='ocrx_word' id='word_1_81' title='bbox 1484 1586 1668 1657; x_wconf 87' lang='lat' dir='ltr'><strong>Mars</strong></span> <span class='ocrx_word' id='word_1_82' title='bbox 1696 1590 2050 1677; x_wconf 83' lang='lat' dir='ltr'><strong>inopinate</strong></span> <span class='ocrx_word' id='word_1_83' title='bbox 2082 1587 2354 1659; x_wconf 71' lang='lat' dir='ltr'><strong>obtulit.</strong></span> 
     </span>
     <span class='ocr_line' id='line_1_12' title="bbox 112 1680 2359 1773; baseline -0.002 -20"><span class='ocrx_word' id='word_1_84' title='bbox 112 1684 303 1753; x_wconf 80' lang='lat' dir='ltr'><strong>Dum</strong></span> <span class='ocrx_word' id='word_1_85' title='bbox 323 1685 504 1750; x_wconf 90' lang='lat' dir='ltr'><strong>enim</strong></span> <span class='ocrx_word' id='word_1_86' title='bbox 527 1696 820 1772; x_wconf 88' lang='lat' dir='ltr'><strong>quatuor</strong></span> <span class='ocrx_word' id='word_1_87' title='bbox 836 1680 1086 1749; x_wconf 85' lang='lat' dir='ltr'><strong>abhinc</strong></span> <span class='ocrx_word' id='word_1_88' title='bbox 1105 1683 1298 1749; x_wconf 84' lang='lat' dir='ltr'><strong>annis</strong></span> <span class='ocrx_word' id='word_1_89' title='bbox 1314 1703 1434 1768; x_wconf 91' lang='lat' dir='ltr'><strong>per</strong></span> <span class='ocrx_word' id='word_1_90' title='bbox 1446 1698 1664 1761; x_wconf 89' lang='lat' dir='ltr'><strong>totam</strong></span> <span class='ocrx_word' id='word_1_91' title='bbox 1683 1684 2108 1773; x_wconf 78' lang='lat' dir='ltr'><strong>germaniam</strong></span> <span class='ocrx_word' id='word_1_92' title='bbox 2124 1704 2359 1749; x_wconf 87' lang='lat' dir='ltr'><strong>cruen-</strong></span> 
     </span>
     <span class='ocr_line' id='line_1_13' title="bbox 114 1774 2358 1856; baseline -0.001 -10"><span class='ocrx_word' id='word_1_93' title='bbox 114 1777 356 1846; x_wconf 84' lang='lat' dir='ltr'><strong>tiffima</strong></span> <span class='ocrx_word' id='word_1_94' title='bbox 387 1798 573 1846; x_wconf 90' lang='lat' dir='ltr'><strong>arma</strong></span> <span class='ocrx_word' id='word_1_95' title='bbox 598 1774 878 1842; x_wconf 88' lang='lat' dir='ltr'><strong>cuilibet</strong></span> <span class='ocrx_word' id='word_1_96' title='bbox 910 1774 1057 1841; x_wconf 91' lang='lat' dir='ltr'><strong>fere</strong></span> <span class='ocrx_word' id='word_1_97' title='bbox 1082 1775 1441 1841; x_wconf 90' lang='lat' dir='ltr'><strong>interitum</strong></span> <span class='ocrx_word' id='word_1_98' title='bbox 1470 1777 1933 1856; x_wconf 90' lang='lat' dir='ltr'><strong>minarentur,</strong></span> <span class='ocrx_word' id='word_1_99' title='bbox 1986 1775 2051 1842; x_wconf 84' lang='lat'>&amp;</span> <span class='ocrx_word' id='word_1_100' title='bbox 2082 1777 2154 1843; x_wconf 92' lang='lat' dir='ltr'><strong>in</strong></span> <span class='ocrx_word' id='word_1_101' title='bbox 2189 1777 2358 1844; x_wconf 88' lang='lat' dir='ltr'><strong>anti-</strong></span> 
     </span>
     <span class='ocr_line' id='line_1_14' title="bbox 115 1868 2358 1962; baseline -0.001 -24"><span class='ocrx_word' id='word_1_102' title='bbox 115 1870 429 1962; x_wconf 86' lang='lat' dir='ltr'><strong>quiffima-</strong></span> <span class='ocrx_word' id='word_1_103' title='bbox 452 1870 679 1937; x_wconf 88' lang='lat' dir='ltr'><strong>nostra</strong></span> <span class='ocrx_word' id='word_1_104' title='bbox 705 1869 1147 1936; x_wconf 84' lang='lat' dir='ltr'><strong>Univerfitate</strong></span> <span class='ocrx_word' id='word_1_105' title='bbox 1166 1868 1584 1957; x_wconf 83' lang='lat' dir='ltr'><strong>languentes</strong></span> <span class='ocrx_word' id='word_1_106' title='bbox 1615 1886 1693 1936; x_wconf 90' lang='lat' dir='ltr'><strong>ut</strong></span> <span class='ocrx_word' id='word_1_107' title='bbox 1724 1886 1803 1936; x_wconf 91' lang='lat' dir='ltr'><strong>ut</strong></span> <span class='ocrx_word' id='word_1_108' title='bbox 1848 1885 2160 1936; x_wconf 83' lang='lat' dir='ltr'><strong>caeterum</strong></span> <span class='ocrx_word' id='word_1_109' title='bbox 2209 1868 2358 1936; x_wconf 88' lang='lat' dir='ltr'><strong>Mu-</strong></span> 
     </span>
     <span class='ocr_line' id='line_1_15' title="bbox 30 1959 2356 2050; baseline -0.001 -18"><span class='ocrx_word' id='word_1_110' title='bbox 30 2012 34 2015; x_wconf 80' lang='grc'><strong>-</strong></span> <span class='ocrx_word' id='word_1_111' title='bbox 111 1965 208 2033; x_wconf 86' lang='lat' dir='ltr'><strong>sas</strong></span> <span class='ocrx_word' id='word_1_112' title='bbox 239 1963 628 2042; x_wconf 89' lang='lat' dir='ltr'><strong>turbarent,</strong></span> <span class='ocrx_word' id='word_1_113' title='bbox 660 1963 917 2031; x_wconf 89' lang='lat' dir='ltr'><strong>Italiam</strong></span> <span class='ocrx_word' id='word_1_114' title='bbox 945 1961 1095 2030; x_wconf 88' lang='lat' dir='ltr'><strong>fato</strong></span> <span class='ocrx_word' id='word_1_115' title='bbox 1124 1959 1467 2050; x_wconf 82' lang='lat' dir='ltr'><strong>profugus</strong></span> <span class='ocrx_word' id='word_1_116' title='bbox 1498 1963 1683 2030; x_wconf 88' lang='lat' dir='ltr'><strong>varia</strong></span> <span class='ocrx_word' id='word_1_117' title='bbox 1711 1963 1942 2030; x_wconf 89' lang='lat' dir='ltr'><strong>littora</strong></span> <span class='ocrx_word' id='word_1_118' title='bbox 1973 1964 2356 2030; x_wconf 80' lang='lat' dir='ltr'><strong>examinare</strong></span> 
     </span>
     <span class='ocr_line' id='line_1_16' title="bbox 116 2054 2359 2149; baseline -0.001 -24"><span class='ocrx_word' id='word_1_119' title='bbox 116 2058 405 2135; x_wconf 86' lang='lat' dir='ltr'><strong>decrevi.</strong></span> <span class='ocrx_word' id='word_1_120' title='bbox 502 2056 661 2149; x_wconf 84' lang='lat' dir='ltr'><strong>Qa</strong></span> <span class='ocrx_word' id='word_1_121' title='bbox 690 2055 1034 2123; x_wconf 87' lang='lat' dir='ltr'><strong>occafione</strong></span> <span class='ocrx_word' id='word_1_122' title='bbox 1082 2076 1228 2122; x_wconf 85' lang='lat' dir='ltr'><strong>non</strong></span> <span class='ocrx_word' id='word_1_123' title='bbox 1277 2054 1492 2122; x_wconf 90' lang='lat' dir='ltr'><strong>solum</strong></span> <span class='ocrx_word' id='word_1_124' title='bbox 1536 2055 1957 2145; x_wconf 84' lang='lat' dir='ltr'><strong>graviffimos</strong></span> <span class='ocrx_word' id='word_1_125' title='bbox 1988 2055 2359 2124; x_wconf 86' lang='lat' dir='ltr'><strong>Celeberri-</strong></span> 
     </span>
     <span class='ocr_line' id='line_1_17' title="bbox 116 2148 2357 2240; baseline -0.002 -21"><span class='ocrx_word' id='word_1_126' title='bbox 116 2171 404 2240; x_wconf 86' lang='lat' dir='ltr'><strong>mosque</strong></span> <span class='ocrx_word' id='word_1_127' title='bbox 440 2149 665 2216; x_wconf 11' lang='lat' dir='ltr'><strong>,Viros</strong></span> <span class='ocrx_word' id='word_1_128' title='bbox 723 2148 1040 2217; x_wconf 81' lang='lat' dir='ltr'>GRANDIS</span> <span class='ocrx_word' id='word_1_129' title='bbox 1105 2148 1412 2216; x_wconf 85' lang='lat' dir='ltr'><strong>Venetiis</strong></span> <span class='ocrx_word' id='word_1_130' title='bbox 1444 2202 1462 2229; x_wconf 93' lang='lat'><strong>,</strong></span> <span class='ocrx_word' id='word_1_131' title='bbox 1539 2149 2030 2216; x_wconf 78' lang='lat' dir='ltr'>MORGAGNIUM</span> <span class='ocrx_word' id='word_1_132' title='bbox 2079 2148 2357 2231; x_wconf 83' lang='lat' dir='ltr'><strong>Patavii,</strong></span> 
     </span>
     <span class='ocr_line' id='line_1_18' title="bbox 116 2240 2357 2331; baseline -0 -20"><span class='ocrx_word' id='word_1_133' title='bbox 116 2244 472 2311; x_wconf 81' lang='lat' dir='ltr'>MONTIUM</span> <span class='ocrx_word' id='word_1_134' title='bbox 505 2241 829 2310; x_wconf 81' lang='lat' dir='ltr'><strong>Bononiae</strong></span> <span class='ocrx_word' id='word_1_135' title='bbox 855 2297 873 2324; x_wconf 91' lang='lat'><strong>,</strong></span> <span class='ocrx_word' id='word_1_136' title='bbox 922 2243 989 2311; x_wconf 68' lang='grc' dir='ltr'><strong>ὅ(</strong></span> <span class='ocrx_word' id='word_1_137' title='bbox 1024 2240 1404 2309; x_wconf 80' lang='lat' dir='ltr'><strong>GIRALDUM</strong></span> <span class='ocrx_word' id='word_1_138' title='bbox 1445 2243 1673 2310; x_wconf 77' lang='lat' dir='ltr'><strong>Romae</strong></span> <span class='ocrx_word' id='word_1_139' title='bbox 1714 2244 1880 2309; x_wconf 90' lang='lat' dir='ltr'><strong>olim</strong></span> <span class='ocrx_word' id='word_1_140' title='bbox 1908 2243 2357 2331; x_wconf 82' lang='lat' dir='ltr'><strong>Praeceptores</strong></span> 
     </span>
     <span class='ocr_line' id='line_1_19' title="bbox 119 2334 2355 2426; baseline -0.001 -21"><span class='ocrx_word' id='word_1_141' title='bbox 119 2359 310 2406; x_wconf 85' lang='lat' dir='ltr'><strong>meos</strong></span> <span class='ocrx_word' id='word_1_142' title='bbox 349 2334 971 2404; x_wconf 78' lang='lat' dir='ltr'><strong>honorandiffimos</strong></span> <span class='ocrx_word' id='word_1_143' title='bbox 998 2337 1070 2403; x_wconf 88' lang='lat' dir='ltr'><strong>in</strong></span> <span class='ocrx_word' id='word_1_144' title='bbox 1104 2336 1372 2422; x_wconf 88' lang='lat' dir='ltr'><strong>optimo</strong></span> <span class='ocrx_word' id='word_1_145' title='bbox 1419 2334 1714 2403; x_wconf 83' lang='lat' dir='ltr'><strong>sanitatis</strong></span> <span class='ocrx_word' id='word_1_146' title='bbox 1747 2335 1955 2418; x_wconf 90' lang='lat' dir='ltr'><strong>flore,</strong></span> <span class='ocrx_word' id='word_1_147' title='bbox 2010 2337 2195 2426; x_wconf 84' lang='lat' dir='ltr'><strong>quod</strong></span> <span class='ocrx_word' id='word_1_148' title='bbox 2246 2358 2355 2403; x_wconf 91' lang='lat' dir='ltr'><strong>me</strong></span> 
     </span>
     <span class='ocr_line' id='line_1_20' title="bbox 119 2426 2356 2516; baseline -0.001 -17"><span class='ocrx_word' id='word_1_149' title='bbox 119 2429 563 2499; x_wconf 83' lang='lat' dir='ltr'><strong>vehementer</strong></span> <span class='ocrx_word' id='word_1_150' title='bbox 598 2428 970 2511; x_wconf 86' lang='lat' dir='ltr'><strong>solabatur,</strong></span> <span class='ocrx_word' id='word_1_151' title='bbox 1005 2426 1462 2516; x_wconf 79' lang='lat' dir='ltr'><strong>deprehendi3</strong></span> <span class='ocrx_word' id='word_1_152' title='bbox 1507 2429 1618 2496; x_wconf 84' lang='lat' dir='ltr'><strong>sed</strong></span> <span class='ocrx_word' id='word_1_153' title='bbox 1652 2431 1856 2498; x_wconf 89' lang='lat' dir='ltr'><strong>etiam</strong></span> <span class='ocrx_word' id='word_1_154' title='bbox 1889 2431 1961 2496; x_wconf 90' lang='lat' dir='ltr'><strong>in</strong></span> <span class='ocrx_word' id='word_1_155' title='bbox 1990 2432 2160 2497; x_wconf 84' lang='lat' dir='ltr'><strong>mari.</strong></span> <span class='ocrx_word' id='word_1_156' title='bbox 2185 2428 2356 2498; x_wconf 87' lang='lat' dir='ltr'><strong>Nea-</strong></span> 
     </span>
     <span class='ocr_line' id='line_1_21' title="bbox 121 2522 2356 2615; baseline -0.001 -24"><span class='ocrx_word' id='word_1_157' title='bbox 121 2525 467 2615; x_wconf 84' lang='lat' dir='ltr'><strong>politanO,</strong></span> <span class='ocrx_word' id='word_1_158' title='bbox 520 2524 709 2612; x_wconf 85' lang='lat' dir='ltr'><strong>quod</strong></span> <span class='ocrx_word' id='word_1_159' title='bbox 738 2524 1122 2612; x_wconf 88' lang='lat' dir='ltr'><strong>principalis</strong></span> <span class='ocrx_word' id='word_1_160' title='bbox 1160 2542 1353 2588; x_wconf 89' lang='lat' dir='ltr'><strong>meus</strong></span> <span class='ocrx_word' id='word_1_161' title='bbox 1381 2522 1617 2610; x_wconf 83' lang='lat' dir='ltr'><strong>scopus</strong></span> <span class='ocrx_word' id='word_1_162' title='bbox 1650 2540 1829 2605; x_wconf 90' lang='lat' dir='ltr'><strong>erat,</strong></span> <span class='ocrx_word' id='word_1_163' title='bbox 1880 2525 2073 2611; x_wconf 91' lang='lat' dir='ltr'><strong>plura</strong></span> <span class='ocrx_word' id='word_1_164' title='bbox 2115 2544 2356 2611; x_wconf 90' lang='lat' dir='ltr'><strong>corpo-</strong></span> 
     </span>
     <span class='ocr_line' id='line_1_22' title="bbox 120 2616 2356 2709; baseline -0.003 -20"><span class='ocrx_word' id='word_1_165' title='bbox 120 2639 195 2689; x_wconf 85' lang='lat' dir='ltr'><strong>ra</strong></span> <span class='ocrx_word' id='word_1_166' title='bbox 228 2617 486 2685; x_wconf 84' lang='lat' dir='ltr'><strong>marina</strong></span> <span class='ocrx_word' id='word_1_167' title='bbox 518 2618 743 2684; x_wconf 79' lang='lat' dir='ltr'><strong>minus</strong></span> <span class='ocrx_word' id='word_1_168' title='bbox 774 2637 939 2686; x_wconf 89' lang='lat' dir='ltr'><strong>nota</strong></span> <span class='ocrx_word' id='word_1_169' title='bbox 971 2616 1196 2685; x_wconf 80' lang='lat' dir='ltr'><strong>detexi</strong></span> <span class='ocrx_word' id='word_1_170' title='bbox 1231 2633 1435 2704; x_wconf 87' lang='lat' dir='ltr'><strong>atque</strong></span> <span class='ocrx_word' id='word_1_171' title='bbox 1475 2617 1741 2706; x_wconf 88' lang='lat' dir='ltr'><strong>collegi.</strong></span> <span class='ocrx_word' id='word_1_172' title='bbox 1840 2616 2110 2709; x_wconf 80' lang='lat' dir='ltr'><strong>Qibus</strong></span> <span class='ocrx_word' id='word_1_173' title='bbox 2146 2616 2356 2684; x_wconf 89' lang='lat' dir='ltr'><strong>adnu-</strong></span> 
     </span>
     <span class='ocr_line' id='line_1_23' title="bbox 122 2709 2352 2801; baseline 0 -23"><span class='ocrx_word' id='word_1_174' title='bbox 122 2710 444 2778; x_wconf 87' lang='lat' dir='ltr'><strong>meranda</strong></span> <span class='ocrx_word' id='word_1_175' title='bbox 478 2712 667 2777; x_wconf 87' lang='lat' dir='ltr'><strong>venit</strong></span> <span class='ocrx_word' id='word_1_176' title='bbox 701 2731 825 2777; x_wconf 75' lang='lat' dir='ltr'><strong>uva</strong></span> <span class='ocrx_word' id='word_1_177' title='bbox 855 2714 1136 2790; x_wconf 72' lang='lat' dir='ltr'><strong>marina,</strong></span> <span class='ocrx_word' id='word_1_178' title='bbox 1190 2709 1262 2775; x_wconf 88' lang='lat' dir='ltr'><strong>in</strong></span> <span class='ocrx_word' id='word_1_179' title='bbox 1295 2709 1480 2795; x_wconf 83' lang='lat' dir='ltr'><strong>cujus</strong></span> <span class='ocrx_word' id='word_1_180' title='bbox 1524 2711 1756 2801; x_wconf 80' lang='lat' dir='ltr'><strong>granis</strong></span> <span class='ocrx_word' id='word_1_181' title='bbox 1799 2730 1910 2799; x_wconf 85' lang='lat'><strong>23.</strong></span> <span class='ocrx_word' id='word_1_182' title='bbox 1943 2709 2105 2794; x_wconf 79' lang='lat' dir='ltr'><strong>Julii</strong></span> <span class='ocrx_word' id='word_1_183' title='bbox 2135 2711 2352 2797; x_wconf 86' lang='lat' dir='ltr'><strong>prima</strong></span> 
     </span>
     <span class='ocr_line' id='line_1_24' title="bbox 123 2800 2351 2893; baseline -0 -22"><span class='ocrx_word' id='word_1_184' title='bbox 123 2805 269 2871; x_wconf 87' lang='lat' dir='ltr'><strong>vice</strong></span> <span class='ocrx_word' id='word_1_185' title='bbox 310 2805 588 2892; x_wconf 86' lang='lat' dir='ltr'><strong>juvenes</strong></span> <span class='ocrx_word' id='word_1_186' title='bbox 610 2804 914 2893; x_wconf 75' lang='lat' dir='ltr'><strong>fipiolas,</strong></span> <span class='ocrx_word' id='word_1_187' title='bbox 991 2805 1159 2872; x_wconf 89' lang='lat' dir='ltr'><strong>dum</strong></span> <span class='ocrx_word' id='word_1_188' title='bbox 1209 2803 1488 2892; x_wconf 87' lang='lat' dir='ltr'><strong>nigrum</strong></span> <span class='ocrx_word' id='word_1_189' title='bbox 1530 2804 1855 2872; x_wconf 92' lang='lat' dir='ltr'><strong>corticem</strong></span> <span class='ocrx_word' id='word_1_190' title='bbox 1900 2800 2351 2887; x_wconf 86' lang='lat' dir='ltr'><strong>detraherem,</strong></span> 
     </span>
    </p>

    <p class='ocr_par' dir='ltr' id='par_1_3' title="bbox 275 2896 2263 3084">
     <span class='ocr_line' id='line_1_25' title="bbox 1281 2896 2263 2985; baseline 0.002 -2"><span class='ocrx_word' id='word_1_191' title='bbox 1281 2896 1327 2961; x_wconf 87' lang='lat' dir='ltr'><strong>b</strong></span> <span class='ocrx_word' id='word_1_192' title='bbox 1378 2916 1413 2983; x_wconf 83' lang='lat'><em>3</em></span> <span class='ocrx_word' id='word_1_193' title='bbox 1528 2917 1536 2921; x_wconf 85' lang='lat'>·</span> <span class='ocrx_word' id='word_1_194' title='bbox 2162 2897 2263 2985; x_wconf 80' lang='lat' dir='ltr'><strong>iu·</strong></span> 
     </span>
     <span class='ocr_line' id='line_1_26' title="bbox 275 3012 1447 3084; baseline 0.003 -20"><span class='ocrx_word' id='word_1_195' title='bbox 275 3015 376 3079; x_wconf 81' lang='lat'><strong>(*&gt;</strong></span> <span class='ocrx_word' id='word_1_196' title='bbox 411 3012 536 3065; x_wconf 82' lang='lat' dir='ltr'><strong>Vide</strong></span> <span class='ocrx_word' id='word_1_197' title='bbox 559 3013 705 3066; x_wconf 84' lang='lat' dir='ltr'><strong>Thes.</strong></span> <span class='ocrx_word' id='word_1_198' title='bbox 730 3015 871 3064; x_wconf 77' lang='lat' dir='ltr'><strong>Anat.</strong></span> <span class='ocrx_word' id='word_1_199' title='bbox 898 3015 934 3064; x_wconf 91' lang='lat' dir='ltr'><strong>I.</strong></span> <span class='ocrx_word' id='word_1_200' title='bbox 959 3014 1083 3066; x_wconf 85' lang='lat' dir='ltr'><strong>Tab.</strong></span> <span class='ocrx_word' id='word_1_201' title='bbox 1110 3017 1195 3068; x_wconf 81' lang='lat'><strong>111.</strong></span> <span class='ocrx_word' id='word_1_202' title='bbox 1222 3014 1334 3084; x_wconf 81' lang='lat' dir='ltr'><strong>Fig.</strong></span> <span class='ocrx_word' id='word_1_203' title='bbox 1361 3016 1447 3067; x_wconf 86' lang='lat' dir='ltr'><strong>IV.</strong></span> 
     </span>
    </p>
   </div>
  </div>
 </body>
</html>
