2513 3435
424 101 499 159 30
1258 80 1486 140 CAPUT
1528 83 1566 140 Ι.
1654 101 1660 106 ·

149 226 300 295 figura
324 203 592 277 11.craffi,
632 225 678 262 a.
700 225 746 261 a.
773 203 1016 276 candidi,
1060 222 1121 261 ac
1145 203 1251 262 fere
1285 205 1523 263 tendinei
1557 208 1612 263 in
1653 208 1903 282 parietem
1933 208 2203 274 internum
2240 212 2372 279 dex-A

418 330 669 390 trumque
693 315 810 371 colli
851 315 923 370 ita
953 312 1094 370 infixi
1130 310 1277 384 sunt,
1316 326 1377 369 ut
1411 313 1637 389 spatium
1668 318 1908 392 quinque
1940 318 2196 375 iinearum
2231 320 2365 377 inter

420 425 693 498 utriusque
717 421 1052 480 insertionem
1088 420 1398 478 intercedat.
1430 462 1432 465 -
1472 412 1607 481 Hi'a
1646 423 1734 482 sua
1770 426 2003 499 origine,
2045 444 2166 501 quae
2193 427 2360 499 paulo

419 529 629 589 inferior
667 529 779 607 ipso
821 549 960 608 pene
998 531 1097 600 est,
1137 528 1334 586 sursum
1370 532 1769 607 progredientes
1809 531 1966 590 bafim
2007 536 2212 608 vaginae
2250 553 2366 594 am·

417 641 604 709 bium,
647 653 809 713 atque
831 637 955 694 inde
979 636 1174 694 cossum
1202 637 1308 710 ejus
1328 636 1691 712 insequentes,
1731 638 1936 699 {accum
1971 639 2292 699 retisormem
2319 644 2362 698 b.

418 750 767 807 constituunt,
843 736 1033 806 Saccus
1059 724 1203 804 hicce
1228 744 1526 802 muscularis
1574 748 1884 804 cremasteris
1920 749 2273 806 testiculorum
2307 750 2364 805 in

413 855 636 915 homine
662 854 844 911 officio
866 851 1131 927 fungitur,
1180 868 1342 928 atque
1370 852 1613 912 videntur
1636 853 1838 930 praefati
1865 855 1977 912 duo
2000 857 2215 913 musculi
2257 855 2364 913 filc-

415 961 601 1046 ceffive
617 965 672 1019 in
696 965 927 1020 minores
952 960 1152 1031 dividi,
1195 978 1295 1018 nec
1320 981 1438 1022 non
1464 962 1774 1021 membrana
1799 961 1950 1020 crassa
1980 961 2179 1020 suffulti>
2210 964 2266 1019 in
2287 980 2363 1019 re-

415 1072 493 1128 &e
516 1071 673 1130 veluti
698 1069 920 1142 disponi.

673 1179 879 1252 Vagina
900 1177 1050 1251 penis
1073 1200 1111 1232 c.
1146 1175 1270 1233 forti
1301 1179 1610 1239 membrana
1644 1178 1933 1238 musculofia
1965 1181 2198 1252 constat,
2237 1197 2360 1255 quae

139 1299 289 1366 Figura
315 1308 389 1344 12.
410 1285 540 1348 facie
564 1300 777 1345 externa
805 1285 1012 1363 glabra,
1054 1287 1258 1343 interna
1294 1289 1490 1357 partim
1525 1288 1734 1360 giabra,
1776 1310 1823 1344 a.
1857 1291 2046 1363 partim
2078 1305 2236 1358 ver0,
2279 1288 2356 1346 ni-

409 1398 605 1453 mirum
649 1411 818 1471 prope
863 1393 1054 1464 bafim,
1109 1394 1341 1467 granulis
1383 1397 1671 1454 innumeris
1713 1398 1755 1450 b.
1801 1396 2009 1453 eievatis
2043 1394 2221 1471 aspera
2271 1395 2358 1451 est.

408 1503 648 1560 Granula
670 1503 786 1560 haee
806 1501 1110 1559 iutescentia
1138 1515 1309 1579 atque.
1329 1502 1557 1560 totidem
1594 1504 1859 1578 glandulae
1891 1501 2039 1575 sunt,
2079 1502 2360 1560 mucosum

411 1611 695 1670 humorem
717 1609 1064 1678 secernente&
1105 1611 1289 1682 portio
1312 1611 1513 1686 vaginae
1534 1609 1716 1683 glabra
1748 1630 1809 1669 ex
1834 1589 1978 1668 fusco
2009 1612 2243 1687 nigricat.

666 1719 728 1775 In
751 1721 938 1794 vagina
970 1720 1115 1794 penis
1136 1717 1373 1776 tortuose
1396 1718 1727 1790 reconditur,
1771 1732 1934 1789 atque
1956 1720 2010 1774 in
2036 1720 2168 1776 statu
2190 1719 2362 1776 hocce

135 1838 283 1902 figura
311 1825 949 1887 11.naturalitesticu1um
970 1825 1137 1885 refert.
1174 1829 1222 1882 d.
1304 1826 1462 1882 Extra
1500 1828 1749 1901 vaginam
1789 1828 1990 1900 positus
2024 1826 2278 1902 lingulam
2314 1850 2358 1887 c.

132 1904 282 1971 Qum
308 1919 382 1952 ³²⁶
405 1933 707 2005 carnoiam,
726 2011 728 2013 Ι
749 1933 966 1990 solidam
986 1977 1001 2004 ,
1027 1931 1170 1989 fusco
1197 1934 1378 1991 colore
1399 1934 1645 2004 tinctam,
1671 1934 1815 2009 apice
1839 1949 1998 1992 acuto
2019 1934 2164 1990 luteo
2192 1933 2359 2008 splen-

404 2043 564 2099 dente
584 2040 862 2116 praeditam
887 2040 1222 2114 repraesentat
1234 2060 1251 2111 3
1292 2041 1380 2097 hic
1405 2041 1812 2116 quatuordecim
1845 2041 2006 2098 lineas
2039 2042 2235 2116 longus
2268 2041 2358 2111 est,

402 2149 597 2227 septem
627 2149 758 2206 dum
782 2149 919 2205 intra
941 2150 1188 2223 vaginam
1214 2149 1510 2205 retrahitur.
1557 2149 1716 2205 Unde
1744 2148 1982 2205 elucescit
2009 2147 2356 2205 substantiam

403 2262 509 2335 ejus
530 2256 731 2315 diverfis
756 2254 994 2313 musculis
1017 2256 1347 2332 compactam
1374 2255 1495 2327 effe,
1533 2259 1625 2331 qui
1653 2257 1789 2313 adeo
1816 2256 1929 2312 laxe
1958 2256 2194 2314 contexti
2218 2253 2358 2314 sunt>

402 2379 461 2422 ut
489 2365 638 2438 penis
671 2363 742 2419 ad
778 2361 1113 2420 medietatem
1163 2366 1265 2420 suae
1303 2362 1655 2436 longitudinis
1693 2364 1973 2434 contrahi,
2025 2365 2105 2419 vel
2151 2361 2357 2418 rursum

402 2472 640 2547 elongari
664 2468 832 2546 poffit.
913 2469 1056 2526 Laxa
1085 2481 1324 2525 attamen
1351 2468 1468 2526 haec
1491 2466 1846 2526 musculorum
1868 2488 2149 2545 compages
2179 2485 2356 2547 neque

405 2578 570 2635 oculis
593 2577 775 2640 nudis,
818 2594 993 2653 neque
1025 2577 1162 2632 lente
1198 2576 1408 2633 armatis
1442 2574 1778 2633 observabilis
1809 2576 1907 2646 est,
1948 2575 2034 2632 sed
2071 2574 2238 2632 solida
2284 2589 2355 2632 at·

408 2705 514 2762 que
537 2685 812 2761 compacta
840 2697 898 2740 ut
921 2683 1071 2760 supra
1097 2683 1310 2740 memini
1336 2696 1568 2758 apparet.
1611 2682 1919 2739 Muscuiaris
1949 2686 2096 2757 penis
2122 2683 2353 2740 substan-

403 2796 477 2854 tia
501 2791 649 2849 nullo
692 2790 869 2848 canale
912 2790 1206 2864 perforata,
1245 2786 1332 2845 stu
1366 2788 1520 2862 quod
1555 2790 1694 2845 idem
1734 2788 1916 2861 sonat,
1954 2791 2096 2846 nulla
2142 2790 2354 2848 urethra

405 2897 622 2976 praedita
648 2899 747 2970 est,
766 2895 853 2954 sed
878 2896 1068 2955 obtusa
1091 2898 1197 2969 ejus
1222 2913 1339 2972 pars
1360 2897 1415 2954 in
1439 2894 1552 2954 duo
1575 2896 1712 2954 labia
1733 2895 1893 2954 divisa
1915 2895 2276 2955 semicanalem
2298 2899 2348 2953 d.

2145 3002 2285 3061 efor-
