2513 3435
901 93 996 150 DE
1045 91 1281 151 ΡΕΝΝΛ.
1959 108 2073 168 11¹7

125 220 292 298 specie
318 217 522 275 nullum
550 213 801 290 singulare
840 230 901 272 os
941 214 1081 286 dari,
1119 232 1297 272 earum
1333 213 1686 291 configuratio
1722 217 1856 274 clare
1893 216 2066 276 docet.

128 328 307 407 Qod
334 343 457 385 cum
485 326 553 380 ita
572 322 658 394 fit,
698 323 812 393 via,
863 339 970 396 qua
994 321 1252 396 descripta
1279 325 1518 399 Zoophyta
1539 325 1703 384 escam
1724 325 1867 381 suam
1892 325 2067 398 deglu-

125 441 289 507 tiant,
345 433 488 492 nulla
521 431 616 489 alia
656 430 907 507 superest3
961 448 1122 505 quam
1158 430 1452 488 eorundem
1484 432 1760 489 tentacula.
1872 433 2067 490 Utrum

123 562 251 603 vero
272 540 551 618 quodlibet
574 541 898 598 tentaculum
919 539 1022 596 oris
1047 555 1263 596 munere
1287 537 1562 614 fungatur,
1603 541 1683 599 vel
1728 541 1910 598 omnia
1954 552 2069 597 ten·

123 650 299 709 tacula
325 647 553 706 totidem
579 647 800 706 distineri
828 646 1023 722 Polypi
1052 647 1184 704 sint?
1224 645 1314 703 hic
1342 646 1517 712 labor,
1559 650 1668 707 hoc
1693 665 1833 722 opus
1853 648 1939 705 est.

377 756 431 814 Si
462 755 796 830 polyporum
835 752 1067 810 fautores
1101 752 1243 826 sequi
1280 753 1614 826 adamarem,
1653 755 1801 812 haud
1840 754 2070 812 multum·

123 861 521 922 deliberandum
566 858 696 915 mihi
735 859 854 916 esset
895 860 950 916 in
995 859 1310 916 affirmanda
1348 860 1506 917 altera
1564 862 1866 936 quaestionis
1906 875 2068 937 parte,

36 987 42 992 ’
120 973 302 1046 Atque
341 983 475 1026 tunc
507 964 670 1023 facilis
705 968 862 1024 etiam
901 966 1045 1024 locus
1082 966 1416 1042 affignandus
1453 967 1629 1040 foret,
1690 972 1747 1027 in
1780 988 1893 1044 quo
1919 972 2068 1044 juxta

122 1076 466 1157 quorundam
492 1073 944 1150 systematicorum
969 1085 1201 1131 mentem
1230 1081 1444 1130 Pennam
1466 1074 1624 1136 locari
1651 1089 1937 1150 oporteret.
1989 1077 2067 1134 Ita

121 1185 262 1241 enim
276 1188 429 1260 juxta
455 1182 535 1240 Cl.
561 1181 821 1238 LINNAEUM
847 1185 1071 1254 hydram
1090 1180 1418 1255 praecedere,
1458 1181 1538 1240 vel
1572 1184 1872 1241 immediate
1903 1183 2073 1241 subse«

122 1294 214 1366 qui
239 1290 422 1367 poss‘et.
508 1291 597 1349 Ad
624 1301 858 1347 mentem
885 1289 964 1346 Cl.
993 1289 1515 1346 VirALmNJDoNAn
1552 1308 1679 1348 vero
1702 1291 1776 1347 (⁴)
1812 1292 1865 1347 in
1902 1291 2072 1368 legio-

121 1399 202 1455 nis
230 1409 434 1471 quartae
458 1397 691 1453 centuria
716 1397 917 1469 prima,
956 1414 1062 1472 qua
1086 1401 1316 1473 Pothczra
1352 1402 1553 1471 carnoste
1566 1399 1851 1472 ffibstantiae
1872 1400 2069 1475 pedun-

123 1509 226 1561 cus'o
247 1506 472 1577 isqstrffla
499 1502 1058 1578 comprehenduntur,
1107 1510 1225 1560 non
1250 1505 1426 1578 inepte
1459 1518 1758 1579 poneretur.
1840 1506 1906 1564 Et
1942 1524 2064 1563 cum

120 1612 361 1672 Aussoris
387 1610 640 1685 generalis
669 1611 819 1668 maris
842 1609 1077 1668 adriatici
1098 1611 1310 1667 historia
1331 1611 1501 1668 lucem
1523 1613 1791 1688 publicam
1817 1613 2067 1671 nondum

120 1718 481 1793 conspexerit,
524 1715 861 1773 vehementer
889 1717 1107 1781 dubito,
1152 1718 1306 1792 quod
1330 1735 1448 1774 non
1472 1717 1684 1799 ipsemet
1712 1720 1887 1777 {altem
1914 1738 2068 1796 quar.

119 1840 231 1885 tam
263 1832 435 1881 Pennae
461 1821 702 1899 speciem,
744 1823 828 1880 stu
865 1845 1060 1880 manum
1096 1832 1337 1880 marinam
1373 1826 1746 1900 quorundam,
1788 1830 1839 1885 in
1877 1828 2062 1886 eadem

118 1935 331 2010 legione
351 1929 591 1989 collocet.
672 1932 762 1988 Ast
790 1930 942 1988 liceat
971 1932 1101 1988 mihi
1136 1931 1240 1989 hac
1277 1933 1550 1990 occafione
1581 1953 1611 1990 a
1638 1936 1930 1995 Clariffimis
1965 1937 2065 1994 Po-

119 2028 374 2118 lyporum
396 2038 716 2096 fautoribus
741 2039 1017 2112 paululum
1053 2038 1321 2111 recedere,
1363 2053 1525 2115 atque
1560 2041 1714 2113 effari,
1755 2041 1909 2118 quod
1942 2049 2066 2099 Pen-

119 2171 189 2204 nae
213 2146 403 2204 nostrae
427 2147 691 2203 tentacula
712 2163 831 2204 non
871 2146 1092 2204 distineri
1123 2146 1342 2222 polypi,
1391 2146 1479 2204 fied
1512 2149 1739 2206 totidem
1777 2151 1929 2208 unius
1961 2152 2068 2208 ani-

120 2254 268 2311 malis
291 2269 385 2309 ora
407 2250 518 2308 sint.
2003 2330 2013 2341 ι

376 2358 507 2415 Haec
528 2356 833 2432 quaestionis
858 2376 977 2435 pars
1002 2359 1170 2417 fateor
1210 2360 1581 2420 intricatiffima
1618 2361 1711 2426 est,
1755 2361 1813 2419 &
1853 2363 2064 2439 longius

121 2480 336 2542 patens,
376 2484 539 2542 quam
564 2466 676 2522 talis
700 2465 795 2522 esse
831 2467 1086 2524 videatur.
1169 2469 1355 2544 Qare
1385 2471 1492 2542 jam
1529 2469 1716 2533 dole0‚
1760 2483 1923 2546 atque
1952 2489 2067 2527 eru-

123 2573 305 2637 besce,
347 2572 499 2648 quod
540 2591 657 2628 eam
695 2572 1067 2631 declarandam
1103 2575 1159 2632 in
1203 2594 1289 2634 me
1327 2574 1661 2651 susceperim3
1702 2595 1828 2634 nam
1873 2578 2065 2636 debiles

123 2699 257 2739 meae
278 2682 409 2738 vires
431 2679 556 2737 huic
581 2677 948 2737 satisfaciendae
975 2680 1095 2739 lane
1117 2699 1231 2739 non
1247 2681 1525 2766 sufficient.
1599 2686 1745 2761 Qia
1770 2698 1951 2743 tamen
1980 2705 2061 2744 va·

123 2788 332 2846 stiffimo
358 2788 466 2846 hoc
493 2787 626 2844 recle
653 2806 735 2845 me
768 2786 932 2864 ipsum
959 2789 1250 2864 improviso
1289 2790 1493 2849 obduxi
1505 2831 1521 2864 ,-
1561 2811 1644 2849 me
1684 2792 1838 2849 etiam
1871 2812 1932 2849 ex
1974 2811 2063 2851 eo⁴⁷

1041 2897 1082 2954 P
1130 2917 1154 2966 3
1703 2942 1706 2945 -
1868 2897 1990 2957 dem

275 3021 353 3077 (')
381 3025 481 3066 Vide
499 3026 640 3082 Saggio
664 3026 761 3066 della
782 3026 894 3068 storia
918 3030 1088 3068 naturale
1111 3029 1174 3069 del
1192 3043 1292 3069 mare
1314 3030 1508 3075 adriatice).
